2806 4694
233 312 255 393 8
323 373 328 379 ,
466 308 1047 386 C.ConnssrrTac1rr

234 511 308 560 non
340 483 449 559 modis
476 485 511 557 in
538 487 638 565 Urbe
665 486 757 584 apud
783 503 908 584 patres,
935 504 995 558 aut
1024 483 1211 581 populum,

233 626 294 680 aut
311 607 498 679 Urbanum
517 606 679 696 militem,
705 606 763 678 sed
785 613 907 681 omnes
924 603 1078 703 legiones
1095 578 1215 677 duces·
1293 658 1299 662 .

233 752 304 824 que
333 726 544 817 conciverat,
584 729 749 825 evulgato
779 722 918 823 imperii
946 750 1088 814 arcano,
1122 722 1217 820 posse
1316 818 1319 823 Ι

232 833 434 945 Principem
463 847 559 937 alibi,
591 847 699 945 quam
726 851 853 922 Rornae
878 844 963 919 fieri.
1013 844 1080 918 Sed
1105 861 1218 940 patres

236 968 320 1059 laeti,
345 968 508 1066 usurpatd
532 968 648 1042 statim
670 969 841 1058 libertate,
870 965 1045 1056 licentiirs,
1069 980 1109 1036 ut
1135 985 1218 1060 erga

237 1088 442 1186 Principem
471 1115 605 1162 novum
635 1093 668 1162 &
696 1089 894 1183 absentem:
921 1085 1090 1184 primores
1116 1082 1218 1181 equi·
1280 1180 1285 1186 η

234 1229 313 1283 tum
327 1209 479 1310 proximi
498 1211 628 1309 gaudio
646 1230 810 1308 patrum:
836 1234 912 1306 pars
929 1204 1051 1311 populi
1069 1204 1216 1303 integra,

234 1335 270 1404 uc
305 1330 443 1429 magnis
472 1331 638 1404 domibus
672 1332 823 1417 adnexa,
857 1328 998 1400 clientes
1033 1324 1217 1421 libertique

233 1449 480 1524 damnatorum
504 1454 538 1522 δι
562 1446 736 1537 exsulum,
770 1448 805 1518 in
835 1444 931 1542 spem
963 1445 1088 1530 credi:
1117 1424 1218 1541 plebs

109 1604 114 1617 ·
232 1567 383 1659 sordida,
403 1568 548 1642 &circo
571 1594 610 1641 ac
629 1566 770 1640 theatris
788 1564 896 1656 sueta,
915 1566 1015 1637 simul
1040 1562 1216 1636 deterrimi

232 1686 423 1781 servorum,
442 1709 501 1763 aut
519 1689 594 1788 qui,
621 1690 727 1762 adesis
751 1687 867 1779 bonis,
894 1712 955 1785 per
971 1685 1216 1759 dedecus‘Ne·v
1293 1689 1303 1697 ’

233 1807 326 1881 ronis
342 1810 537 1899 alebantur,
563 1808 671 1883 maesti
691 1813 921 1882 &rumorum
940 1805 1045 1881 avidi.

283 1931 327 2001 V.
353 1931 462 2004 Miles
485 1928 667 2021 Urbanus,
686 1930 797 2028 longo
813 1926 988 2002 Caesarum
1006 1925 1220 2001 sacramento

177 2134 180 2137 ¹
236 2047 406 2139 imbutus,
432 2055 466 2123 δι
480 2051 526 2124 ad
542 2049 800 2124 destituendum
813 2051 995 2124 Neronem
1011 2067 1082 2122 arte
1106 2048 1220 2147 magia

124 2209 127 2229 ·
236 2172 270 2241 δι
286 2168 452 2268 impulsu,
471 2171 581 2270 quim
592 2168 653 2244 suo
670 2169 813 2270 ingenio
824 2172 1013 2260 tradustus,
1033 2168 1221 2267 postquam

192 2309 200 2329 ·
233 2317 349 2389 neque
372 2293 447 2366 dari
466 2281 694 2384 donativum,
719 2291 782 2366 sub
807 2291 950 2366 nomine
979 2292 1103 2364 Galbae
1137 2314 1220 2386 pro·

232 2412 388 2503 missum,
415 2438 529 2510 neque
542 2413 678 2511 magnis
695 2412 825 2488 riseritis
836 2439 876 2487 ac
889 2411 1041 2510 praemiis
1054 2411 1221 2485 eumdem

233 2533 271 2605 in
306 2557 405 2628 pace,
439 2556 546 2627 quern
570 2532 606 2603 in
634 2532 742 2621 bello,
771 2535 903 2622 locum,
932 2514 1220 2628 praeventamque

234 2650 396 2750 gratiam,
424 2649 602 2748 intelligit,
635 2652 729 2748 apud
747 2651 948 2750 Principem
974 2677 995 2724 a
1019 2650 1220 2751 legionibus
1311 2706 1315 2711 -

141 2787 145 2801 ·
233 2769 380 2861 fastum,
400 2794 531 2868 pronus
548 2768 600 2843 ad‘
611 2795 718 2844 novas
735 2797 802 2863 res,
814 2769 940 2846 scelere
955 2770 1091 2871 insuper
1100 2775 1218 2868 Nym-

234 2892 347 2989 phidii
364 2890 495 2979 Sabini,
529 2889 914 2987 Praefesli,imperium
945 2890 1004 2965 fibi
1032 2890 1218 2980 molientis,

234 3012 399 3110 agitatur.
451 3012 498 3082 Et
516 3010 758 3107 Nymphidius
776 3010 920 3108 quidem
937 3010 974 3083 in
1003 3008 1075 3107 ipso
1093 3029 1221 3083 conatu

235 3133 425 3232 oppreflus.
471 3132 558 3220 Sed,
594 3131 755 3228 quamvis
786 3131 898 3231 capite
919 3130 1123 3204 defectionis
1157 3132 1220 3204 ab·

235 3253 320 3343 lat0‚
347 3255 510 3326 manebat
527 3250 697 3348 plerisque
714 3238 866 3326 militum
895 3250 1123 3326 conscientia:
1152 3277 1218 3325 nec

123 3373 126 3383 ’
235 3374 377 3446 deerant
401 3371 572 3446 sermones
599 3378 627 3414 ‘⁴
641 3368 775 3446 senium
805 3393 909 3472 atque
934 3373 1115 3448 avaritiam
1134 3375 1220 3448 Gal-

238 3497 272 3534 “
286 3494 365 3566 bae'’
383 3493 648 3589 increpantium.
700 3495 862 3569 Laudata
882 3494 984 3585 olim,
1015 3500 1049 3568 δι
1079 3494 1219 3567 militari

228 3612 328 3686 'famd
344 3614 515 3686 celebrata
538 3612 695 3688 severitas
712 3612 799 3713 ejus,
829 3617 979 3712 angebat
1003 3613 1221 3710 aspernantes

236 3755 391 3811 veterem
412 3733 646 3834 disciplinam,
677 3755 783 3834 atque
800 3735 848 3810 ita
864 3732 1127 3834 quatuordecim
1155 3756 1219 3805 an-
