2806 4694
211 340 293 443 ⁷3⁶,
418 309 1009 421 c.·connuar1·Tn]crrr

221 519 330 612 Juxta
345 512 454 590 Curtii
471 515 601 604 lacum,
629 515 859 612 trepidatione
876 514 1062 588 serentium
1079 513 1196 587 Galba
1284 517 1289 530 '

201 633 388 741 ,projeetus
416 659 435 705 e
464 634 557 725 sella,
577 662 616 709 ac
644 638 847 734 provolutus
862 636 934 710 rest.
987 637 1194 711 Extremam

220 752 292 852 ejus
316 780 452 843 vocem,
478 776 517 829 ut
530 756 660 855 cuique
677 757 813 849 odium,
841 775 900 830 aut
917 753 1099 829 admiratio
1116 751 1195 842 suit,

220 874 313 948 varie
355 875 548 973 prodidere.
605 877 677 950 Alii
714 875 914 974 suppliciter
957 874 1196 971 interrogasse,

222 1001 250 1036 “
268 993 355 1090 quid
379 995 462 1068 mali
481 996 654 1069 meruiffet
668 998 708 1091 ?{'
739 1004 911 1092 “paucos
928 993 1197 1069 diesexsolven-

216 1121 248 1167 1“
268 1114 316 1186 do
348 1115 541 1189 donativo’'
578 1118 816 1213 deprecatum.
885 1119 1006 1190 Plures
1038 1114 1198 1189 obtulisse

219 1236 309 1308 ultro
335 1236 587 1331 percussoribus
601 1234 798 1335 jugulum,
821 1243 849 1278 “
867 1254 1010 1334 agerent
1049 1262 1090 1310 ac
1119 1234 1198 1307 seri-

221 1363 250 1399 “
270 1359 405 1445 rent,'sr
434 1356 482 1428 ita
498 1382 517 1428 e
539 1356 715 1454 republica
731 1354 939 1429 videretur.”
989 1353 1076 1428 Non
1094 1355 1197 1433 intere.

220 1474 287 1549 suit
303 1475 541 1551 occidentium
560 1476 648 1573 quid
664 1475 803 1550 diceret.
840 1476 897 1548 De
915 1479 1112 1571 percussore
1128 1501 1200 1547 non

115 1650 117 1658 ·
220 1595 298 1669 satis
325 1595 476 1668 constat:
509 1595 653 1693 quidam
682 1594 943 1684 “Terentitrm,
967 1596 1199 1668 evocatum:'’

220 1716 277 1789 alii
304 1716 591 1790 “Lecanium:''
624 1715 775 1789 crebrior
802 1714 895 1788 sama
918 1715 1060 1789 tradidit
1086 1724 1112 1758 “
1131 1714 1198 1788 Ca·
1223 1716 1226 1720 “

222 1844 250 1879 “
269 1835 436 1926 murium,
464 1836 741 1934 quintaedecimae
776 1836 921 1935 legionis
944 1835 1106 1925 militem,
1132 1835 1199 1909 im·

223 1963 250 1999 “
270 1959 380 2053 presso
409 1956 541 2054 gladio,
569 1954 737 2054 jugulum
762 1953 833 2054 ejus
857 1959 1036 2030 hausrffe.''
1085 1955 1201 2029 Ceteri

221 2101 318 2150 crura
346 2077 556 2175 brachiaque
587 2080 689 2172 (narn
720 2078 840 2174 pedus
866 2078 1067 2175 tegebatur)
1105 2073 1201 2149 foede

221 2198 413 2270 laniavdre:
454 2199 621 2294 pleraque
650 2199 809 2288 vulnera,
847 2194 1199 2285 se1·itate&saevitid,

220 2338 344 2391 trunco
363 2317 441 2415 jam
467 2317 603 2414 corpori
627 2316 769 2416 adjedta.

270 2440 388 2517 XLll.
414 2440 556 2511 Trruru
584 2437 667 2510 inde
694 2437 840 2510 Vinium
865 2437 1036 2510 invasere:
1061 2437 1107 2510 de
1128 2463 1202 2534 quo

221 2553 257 2631 ‘aa
284 2556 356 2653 ipso
384 2557 587 2656 ambigitur,
614 2556 859 2653 consumpserit
894 2582 939 2628 ne
975 2581 1101 2629 vocem
1127 2555 1200 2653 ejus

221 2676 350 2748 instans
377 2697 503 2766 metus,
526 2702 569 2749 an
592 2675 866 2773 proclamaverit,
912 2682 1027 2749 “non
1060 2678 1128 2750 esse
1155 2680 1201 2750 ab

224 2802 252 2837 “
270 2797 413 2869 Othone
431 2798 650 2899 mandatum,
669 2817 707 2870 ut
723 2797 973 2871 occideretur.''
1022 2798 1133 2895 Qtod
1145 2796 1202 2870 seu

223 2914 325 2986 finirit
338 2913 538 3006 formidine,
557 2916 614 2990 seu
629 2916 837 3012 conscientia
854 2915 1099 3015 conjurationis
1117 2944 1201 2990 con-

225 3034 326 3107 sessus
344 3034 413 3106 est:
442 3037 511 3108 lruc
528 3038 642 3133 potiirs
660 3037 732 3135 ejus
760 3038 833 3111 vita
860 3036 1023 3136 famaque
1040 3037 1200 3126 inclinat,

224 3175 262 3228 ut
280 3154 435 3228 conscius
449 3154 581 3229 sceleris
598 3154 716 3248 fuerit,
747 3157 843 3256 cujus
860 3157 957 3232 causa
974 3179 1056 3233 erat.
1107 3162 1203 3230 Ante

225 3274 338 3347 aedem
366 3275 438 3347 divi
466 3275 552 3370 Julii
581 3273 706 3372 jacuit,
730 3278 844 3374 primo
867 3279 938 3352 ictu
959 3279 995 3350 in
1019 3277 1203 3375 poplitem,

226 3421 312 3468 mox
335 3397 380 3466 ab
402 3394 498 3489 Julio
513 3396 619 3483 Caro,
644 3395 835 3494 legionario
862 3399 985 3488 milite,
1012 3398 1047 3470 in
1069 3419 1204 3471 utrum·

225 3541 295 3614 que
321 3517 406 3587 latus
431 3512 733 3594 transverberatus.
808 3587 810 3591 .

277 3635 411 3712 XLlll.
426 3627 634 3707 'Instaurant
664 3636 722 3708 illl
749 3637 806 3710 die
824 3636 938 3710 virum
956 3636 1203 3735 Sempronium

225 3758 382 3833 Densum
408 3772 487 3828 aetas
516 3752 630 3845 nostra
647 3754 745 3829 vidit.
796 3737 961 3832 Centurio
983 3758 1011 3833 is
1035 3755 1211 3857 praetoriae
