2844 4704
248 352 316 401 102
437 325 479 396 C.
519 321 786 394 Conuaiu
828 320 1029 396 Tacrrr

249 518 350 574 cauta
378 496 495 594 potius
520 496 660 571 consilia
687 522 770 571 cum
786 495 932 585 ratione,
955 493 1064 592 quam
1081 492 1238 592 prospers

248 614 386 706 ex‘casu
403 617 589 714 placerent,
616 615 828 713 “compleri
844 614 960 705 forsas,
990 613 1114 711 aperiri
1138 641 1233 691 cama

248 744 275 779 “
294 762 393 834 pum,
412 735 518 833 pandi
534 735 670 810 aciem”
686 735 857 834 jubebat3
885 743 914 778 “
937 733 1014 809 satis
1038 735 1109 808 citd
1126 734 1235 834 incipi

167 872 169 875 ’
248 865 275 900 “
294 855 491 944 vidoriam,
516 856 578 931 ubi
602 855 777 954 provisum
799 855 887 934 soret
914 882 958 932 ne
980 856 1235 932 vincerentur.'²

249 980 301 1054 Efa
316 976 549 1065 cunctatione,
566 975 726 1073 ‘spatium
748 977 939 1058 Vitellianis
956 979 1092 1067 datum,
1120 978 1157 1050 in
1182 978 1235 1053 vi·

250 1121 344 1185 neas,
375 1121 469 1169 nexu
490 1097 676 1170 traducum
693 1093 891 1192 impeditas,
928 1096 1136 1198 refugiendi.
1188 1101 1237 1176 Et

251 1217 391 1294 modica
414 1217 720 1305 silvaadhaerebat,
749 1217 845 1290 unde
857 1217 968 1291 rursus
989 1223 1072 1307 aufi,
1092 1243 1236 1317 prompq

250 1338 391 1414 tissimus
418 1337 706 1434 praetorianorum
720 1337 878 1434 equitum
904 1337 1124 1412 interfecere:
1159 1323 1254 1412 νηὶ(

251 1476 390 1532 neratur
412 1481 474 1537 rex
502 1438 717 1554 Epiphanes,
745 1457 898 1556 impigre
914 1484 979 1555 pro
995 1459 1137 1532 Othone
1148 1486 1240 1561 puga
1276 1445 1277 1453 ἵ

168 1641 171 1645 ,
251 1605 334 1655 nam
358 1577 464 1652 ciens.
512 1590 514 1593 ’
622 1676 625 1679 Β
807 1562 809 1566 ⁸

298 1700 435 1774 XXVI.
458 1699 556 1791 Tou
573 1699 792 1774 Othonianus
805 1701 911 1798 pedes
927 1700 1065 1797 erupit:
1098 1701 1241 1798 protrita

152 1818 158 1825 ’
186 1918 188 1923 ,
247 1818 403 1895 hostium
421 1817 507 1908 acie,
538 1823 622 1893 versi
639 1820 676 1893 in
699 1818 837 1919 fugam,
862 1822 966 1894 etiam
984 1820 1043 1919 qui
1061 1818 1239 1897 subvenio.

250 1944 334 2014 bant
350 1968 361 2024 ;
380 1938 619 2039 namCaecina
636 1967 707 2013 non
722 1942 822 2015 simul
840 1944 1014 2032 cohortes,
1042 1940 1100 2015 sed
1126 1943 1240 2039 singu·

251 2061 301 2138 las
326 2058 525 2135 acciverat:
563 2087 642 2158 quae
670 2087 722 2135 res
755 2062 792 2137 in
821 2060 949 2158 proelio
976 2060 1241 2157 trepidationem

252 2180 365 2270 auxit,
396 2180 478 2253 edm
496 2179 677 2278 dispersos,
709 2208 773 2266 nec
790 2180 936 2280 usquam
959 2178 1108 2269 validos,
1132 2206 1243 2278 pavor¹
1288 2254 1289 2257 ,

253 2300 468 2404 fugientium
493 2302 672 2399 abriperet.
722 2283 813 2396 Orta
831 2308 865 2378 δι
895 2300 1069 2377 incastris
1103 2298 1241 2392 seditio,

253 2425 350 2525 quod
368 2450 441 2499 non
457 2422 604 2496 univerfi
627 2423 849 2498 ducerentur.
900 2422 1044 2496 Vinclus
1062 2419 1244 2517 praefectus

252 2544 440 2620 castrorum
468 2542 583 2639 Julius
608 2545 752 2633 Gratus,
780 2549 1007 2640 “tamquam
1028 2540 1123 2616 fratri
1147 2542 1247 2639 apud

256 2666 482 2738 “Othonem
512 2661 674 2738 militanti
702 2661 937 2760 proditionem
959 2679 1079 2760 ageret
1095 2663 1130 2733 :''
1159 2662 1245 2742 curn

256 2782 398 2856 fratrem
416 2781 487 2880 ejus
506 2783 640 2879 Julium
657 2784 890 2874 Frontonem,
908 2783 1106 2871 tribunum,
1130 2783 1246 2857 Otho-

256 2902 348 2978 niani
373 2901 436 2976 sub
453 2904 578 2977 eodem
607 2903 755 2978 crimine
772 2904 971 2979 vinxissent.
1021 2903 1187 2977 Ceterum
1205 2928 1246 2979 ea

255 3021 388 3118 ubique
405 3020 556 3097 formido
581 3022 661 3115 fuir,
690 3026 785 3122 apud
807 3024 993 3124 fugientes,
1013 3021 1244 3113 occursantes,

256 3142 293 3217 in
310 3141 397 3234 acie,
427 3146 618 3240 provallo,
650 3165 691 3219 ut
718 3151 745 3188 “
769 3144 878 3219 deleri
899 3171 984 3222 cum
999 3139 1157 3222 universo
1180 3169 1244 3217 ex-

156 3289 158 3292 ·
250 3245 286 3305 “⁶
308 3263 417 3336 ercitu
429 3263 610 3338 Caecinam
629 3265 791 3362 potuisse,
811 3265 846 3339 ni
863 3263 1045 3341 Suetonius
1061 3262 1245 3350 Paullinua

228 3445 231 3451 .
260 3389 287 3425 “
308 3382 461 3479 receptui
480 3384 693 3475 cecinill'et,”
710 3385 862 3484 utrisque
879 3386 917 3459 in
941 3385 1095 3482 partibus
1109 3408 1245 3481 percre-

260 3501 387 3578 buerit
438 3508 465 3544 “
483 3503 654 3578 Timuisse
669 3502 727 3578 se’'
755 3505 932 3580 Paullinus
949 3503 1094 3595 ferebat,
1122 3511 1148 3546 “
1169 3527 1246 3578 tan·

203 3667 205 3671 ·
264 3633 292 3666 “
312 3644 389 3696 tum
406 3618 544 3717 insuper
560 3623 686 3697 laboris
703 3644 807 3723 atque
822 3625 964 3715 itineris,
982 3650 1027 3698 ne
1043 3625 1249 3699 Vitellianus

143 3798 147 3805 .
264 3754 291 3792 “
310 3704 422 3836 miles,
453 3767 571 3822 recens
599 3743 764 3836 ecastris,
795 3743 895 3834 sessos
923 3745 1182 3847 adgrederetur,
1211 3749 1247 3840 ὃς
