2806 4694
248 328 294 399 28
481 321 523 392 C.
556 320 827 427 Connnnrr
856 321 1052 396 Tncrrr

248 507 276 544 ‘⁴
294 499 369 572 suos
390 496 505 570 audita
528 497 578 570 est
594 497 805 595 aliquando:
838 498 963 587 vestra,
987 498 1086 587 fides,
1116 496 1226 570 fama·

247 626 273 661 “
293 642 373 714 que,
392 615 505 689 inlaesa
519 618 564 689 ad
582 618 675 691 hunc
688 617 781 690 diem
799 622 941 691 mansit:
962 619 1113 697 &Nero
1136 641 1224 714 quo-

231 745 273 807 f‘
291 761 359 832 que
387 760 449 808 vos
477 736 641 827 destituit,
666 763 738 810 non
767 763 829 811 vos
856 739 1048 810 Neronem.
1099 737 1224 810 Miniu
1295 749 1296 753 ’

244 864 272 899 “
290 856 432 954 triginta
447 855 649 955 transfuga,
669 863 702 931 dc
715 856 913 947 desertores,
941 883 1030 955 quos
1048 838 1224 932 ¹centurio·

243 984 270 1019 “
290 1000 385 1064 nem,
411 998 469 1050 atrt
490 978 685 1067 tribunum,
705 978 765 1051 fibi
787 978 953 1076 eligentes
974 1003 1080 1050 nemo
1105 976 1223 1064 ferret,

242 1103 270 1138 “
286 1095 475 1191 imperium
492 1099 744 1196 adfignabunt?
785 1097 982 1169 Admittitis
995 1098 1221 1193 exemplum?

241 1221 270 1257 “
291 1220 324 1288 ἃ
344 1216 553 1314 quiestendo
565 1241 758 1291 commune
774 1215 906 1288 crimen
923 1215 1058 1288 facitis?
1094 1205 1223 1288 Trans·

240 1343 268 1378 ‘⁴
287 1338 412 1409 cendet
428 1340 504 1414 haec
519 1336 705 1411 licentiam
725 1334 917 1432 provincias
933 1363 940 1407 :
960 1337 993 1406 ἃ
1016 1336 1060 1411 ad
1075 1361 1138 1408 nos
1154 1334 1223 1409 sce·

241 1458 401 1529 “lerum
433 1457 559 1547 exitus,
608 1458 782 1531 bellorum
814 1456 858 1529 ad
890 1480 952 1530 vos
985 1455 1221 1552 pertinebunt.

240 1584 267 1619 “
287 1578 365 1649 Nec
384 1577 431 1649 est
456 1578 547 1674 plus,
571 1576 669 1673 quod
692 1600 755 1671 pro
781 1576 877 1648 caede
902 1574 1086 1672 Principis,
1114 1575 1230 1672 quam,

240 1703 269 1739 “
288 1697 385 1794 quod
409 1695 650 1772 innocentibus
677 1697 799 1770 datur:
824 1694 882 1767 sed
913 1692 1056 1792 perinde
1080 1721 1101 1767 a
1121 1693 1222 1767 nobis

241 1816 493 1890 “donativum
519 1819 567 1889 ob
595 1817 717 1906 fidem,
751 1816 860 1914 quam
880 1818 926 1889 ab
951 1815 1025 1888 aliis
1051 1839 1114 1913 pro
1138 1812 1221 1888 faci·

231 1927 267 1980 ¹“
285 1923 594 2033 noreaccipietisss'2

196 2095 198 2097 ·
286 2060 426 2132 XXXI.
451 2059 654 2130 Dttnrsrs*
664 2055 951 2153 speculatoribus,
975 2076 1067 2130 certa
1079 2056 1220 2144 cohors,

236 2205 311 2252 non
343 2176 517 2274 aspernata
549 2175 830 2279 concionantem,
866 2196 905 2249 ut
935 2174 1082 2250 turbidis
1115 2176 1220 2246 rebus

236 2298 365 2389 evenit,
378 2338 380 2342 Α
392 2297 480 2372 forte
491 2296 617 2395 tnagis,
637 2299 669 2368 δι
693 2298 790 2370 nollo
808 2298 922 2369 adhuc
939 2294 1094 2382 consilio,
1121 2314 1219 2388 parat

232 2424 349 2517 signa,
366 2396 473 2516 quam
498 2418 595 2515 quod
621 2416 740 2515 postea
755 2415 925 2493 creditum
944 2414 1007 2503 est,
1034 2412 1166 2485 insidiis
1185 2416 1219 2486 δι

235 2540 462 2612 simulatione.
512 2536 638 2640 Milius
665 2541 698 2609 δε
723 2533 838 2612 Celsus
857 2533 992 2605 Marius
1017 2532 1062 2615 ad
1087 2532 1217 2604 cledon

234 2656 364 2750 Illyrici
393 2657 576 2753 exercitlls,
603 2648 762 2752 Vipsanid
792 2656 828 2726 in
854 2652 991 2750 porticu
1021 2652 1216 2726 tendentes.
1250 2668 1252 2671 ’

233 2776 451 2870 Praeceptum
482 2776 628 2849 Amulio
660 2775 846 2848 Sereno&
880 2772 1045 2848 Domitio
1074 2772 1217 2863 Sabino,

233 2891 515 2988 primipilaribus,
548 2905 575 2941 “
599 2916 637 2969 ut
655 2892 883 2969 Gerinanicos
905 2891 1032 2965 milites
1050 2917 1078 2975 e
1091 2893 1216 2970 [iber-

181 2998 186 3006 ’
231 3015 262 3068 ,“
280 3008 360 3083 tatis
377 3012 465 3084 atrio
486 3016 729 3087 arcellerent.''
778 3013 933 3112 Legioni
958 3015 1099 3085 claffrcae
1124 3014 1215 3085 diffi-
1283 3072 1287 3084 .

204 3121 206 3126 ’
231 3128 391 3234 debatur,
421 3130 551 3205 inlestae
575 3135 623 3204 ob
651 3135 785 3206 caedem
807 3132 1106 3224 commilitonum,
1126 3159 1216 3230 quos

228 3242 346 3343 primo
378 3247 492 3321 statim
522 3250 664 3322 introitu
696 3252 926 3327 trucidaverat
956 3254 1083 3326 Galba.
1132 3254 1215 3324 Per·

232 3380 321 3454 gunt
365 3363 468 3437 etiam
518 3367 552 3437 in
599 3367 708 3440 castra
739 3372 1033 3446 Praetorianorum
1068 3372 1213 3463 tribuni,

230 3477 365 3551 Cetrius
392 3483 551 3571 Severus,
576 3485 717 3559 Subrius
734 3491 881 3579 Dexter,
907 3492 1096 3589 Pompeius
1116 3497 1215 3567 Lon-

230 3598 356 3696 ginus;
385 3601 408 3670 sr
433 3598 600 3695 incipiens
615 3605 744 3695 adhoc,
774 3613 808 3680 ὅτ
831 3609 982 3682 necdum
1005 3615 1136 3703 adulta,
1165 3613 1214 3686 se·

227 3717 315 3791 ditio
333 3716 535 3795 melioribus
556 3723 702 3799 consiliis
719 3728 933 3815 flecteretur„
973 3724 1217 3811 Tribunorun'
