2806 4694
341 334 754 431 ransmissa
787 353 898 427 Liri.
928 352 958 425 I.
1106 356 1152 454 63

171 536 314 626 Consul,
334 561 416 610 curn
432 535 578 611 Titiano
595 534 713 624 fratre,
741 533 777 607 in
805 533 981 607 Kalendas
1007 533 1155 610 Martias
1186 546 1217 594 1‘

169 659 264 758 ipse;
290 657 472 757 proximos
501 655 634 730 menses
652 654 822 754 Verginio
838 653 1000 746 destinat,
1029 676 1068 728 ut
1094 656 1156 729 ali·

171 783 268 880 quod
285 780 452 854 exercitui
469 780 680 854 Germanico
696 779 977 852 delinimentum.
1027 777 1155 876 Jungi·

170 922 229 977 tur
246 902 412 1001 Verginio
429 900 621 999 Pompeius
637 899 823 997 Vopiscus,
854 918 1027 1000 praetextu
1057 919 1155 972 vete·

172 1024 215 1098 ris
233 1022 394 1098 amicitia
404 1052 415 1109 3
447 1022 603 1120 plerique
621 1021 871 1094 Viennensium
889 1020 1015 1094 honori
1032 1022 1158 1096 datum
1235 1064 1253 1082 ι

171 1142 495 1242 interpretabantur.
556 1141 673 1215 Ceteri
703 1140 898 1215 consulatus
930 1167 975 1215 ex
1004 1143 1156 1216 destina·
1304 1130 1307 1145 ’

170 1264 266 1337 tione
298 1265 466 1353 Neronis,
496 1282 555 1337 aut
585 1265 723 1356 Galba,
752 1263 920 1336 manssre.
969 1263 1082 1338 Caelio
1113 1290 1157 1339 ac

173 1385 301 1459 Flavio
336 1383 485 1473 Sabinis,
520 1384 556 1457 in
589 1384 723 1480 Jalias3
760 1383 867 1461 Arrio
901 1385 1086 1459 Antonino
1118 1389 1156 1458 ac
1258 1482 1260 1484 η

175 1495 424 1595 MarioCelso,
445 1505 480 1577 in
496 1507 741 1604 Septembres:
778 1530 930 1603 quorum
953 1506 1080 1580 honori
1110 1532 1157 1582 ne

176 1612 332 1700 Vitellius
349 1627 495 1725 quidem
513 1628 625 1701 ridor
640 1630 835 1703 intercessit.
854 1628 922 1700 Sed
938 1629 1051 1717 Oth0,
1066 1654 1157 1727 pon·

171 1747 320 1822 tisicatus
347 1749 602 1847 auguratusque
619 1747 795 1822 honoratis
819 1745 895 1847 jam
915 1745 1065 1840 senibus,
1090 1775 1156 1824 cu·
1245 1772 1253 1793 “

173 1869 314 1945 mulum
342 1869 537 1968 dignitatis,
566 1869 728 1956 addidit3
757 1874 791 1942 δε
819 1869 938 1942 τεεὲῃε
967 1872 1012 1943 ab
1037 1869 1159 1944 exsilio

174 1990 322 2064 reversos
347 1990 480 2064 nobiles
498 1989 785 2081 adolescentulos,
803 1989 906 2064 avitis
934 2017 974 2065 ac
1003 1991 1158 2090 paternis

172 2111 366 2186 sacerdotiis
392 2111 428 2183 in
458 2110 619 2186 solatium
637 2111 794 2186 recoluit.
845 2111 1020 2187 Redditus
1043 2111 1158 2187 Cadio

171 2231 284 2324 Rufo,
316 2233 427 2306 Pedio
449 2232 573 2323 Blaeso,
601 2232 729 2306 Sevino
753 2233 942 2331 Pomptino
969 2232 1157 2308 senatorius
1274 2225 1280 2240 ³

173 2355 283 2444 locus,
303 2355 363 2453 qui
382 2355 656 2452 repetundarum
672 2352 889 2463 criminibus,
919 2350 981 2427 sub
1007 2355 1157 2428 Claudio

171 2475 214 2549 ae
247 2477 404 2566 Nerone,
441 2474 653 2548 ceciderant.
715 2475 851 2550 Placuit
881 2473 1154 2574 ignoscentibus,

131 2586 143 2600 ”
173 2594 270 2669 verso
287 2597 443 2686 nomine,
456 2594 553 2693 quod
571 2594 714 2670 avaritia
731 2596 857 2689 suerat,
876 2596 986 2671 videri
1000 2594 1158 2696 majesta·
1217 2692 1221 2698 ⁵
1239 2695 1242 2700 ,

174 2734 266 2788 tems
299 2714 396 2813 cujus
423 2736 501 2790 tum
517 2715 615 2808 odio,
634 2716 738 2792 etiam
754 2720 856 2793 bonae
874 2720 968 2815 leges
985 2718 1156 2817 peribant.

162 2848 164 2853 ’
227 2837 434 2909 LXXVlll.
461 2825 609 2912 Eiiiism
640 2838 825 2938 largitione
850 2837 1033 2913 civitatum
1064 2865 1156 2938 quo·

176 2983 248 3056 que
275 2983 315 3030 ac
334 2956 600 3054 'provinciarum
627 2960 763 3035 animos
785 2960 975 3059 adgressus,
1001 2959 1157 3058 Hispali-

175 3080 312 3152 ensrbus
344 3081 380 3152 δι
416 3079 687 3163 Emeritensibus
706 3078 914 3156 familiarum
931 3079 1156 3178 adjettiones,

173 3197 398 3299 Lingonibus
427 3199 592 3276 universis
620 3201 796 3277 civitatem
825 3206 1041 3293 Romanam,
1073 3229 1156 3305 pro-

174 3319 300 3395 vinciae
325 3320 461 3395 Baeticae
491 3325 701 3397 Maurorum
729 3322 885 3398 civitates
910 3325 1007 3397 dono
1033 3324 1154 3398 dedit:
1254 3383 1262 3386 -

173 3467 281 3549 nova
297 3439 377 3541 jura
420 3443 668 3542 Cappadocia,
704 3470 795 3518 nova
828 3443 972 3538 Africae,
1006 3445 1158 3520 ostentui
1219 3474 1224 3487 .

175 3563 301 3662 magis,
320 3563 430 3662 quam
448 3563 617 3638 mansura.
634 3567 727 3639 lnter
744 3592 837 3664 quae,
856 3569 1048 3643 necessitate
1066 3594 1157 3667 prae-

174 3681 324 3759 sentium
352 3709 468 3758 rerum
492 3689 526 3759 ἃ
556 3684 763 3760 instantibus
786 3687 877 3762 curis
905 3688 1080 3779 excusata,
1110 3711 1157 3760 ne

174 3823 250 3879 turn
279 3805 427 3904 quidem
451 3805 638 3882 immemor
652 3833 828 3902 amorum,
852 3809 976 3885 statuas
991 3812 1155 3908 Poppaeae
