2752 4710
224 398 272 466 24
416 372 459 447 C.
501 373 764 447 Cor'narr'r
806 373 1006 447 TAcrrr

184 552 186 557 ’
228 563 369 620 centum
398 546 436 618 &
466 546 589 645 viginti
617 548 698 621 anni
723 550 768 621 ab
792 544 932 619 interitu
958 542 1133 620 Ciceronis
1162 542 1201 623 in

228 669 322 739 hunc
334 667 427 739 diem
445 668 671 764 colliguntur,
683 669 785 740 unius
801 666 950 739 hominis
965 684 1056 738 aetas.
1104 667 1203 739 Nam

229 783 300 883 ipse
323 810 389 882 ego
411 786 447 859 in
470 788 640 860 Britannia
659 788 731 861 vidi
748 787 876 875 senem,
904 784 1019 883 quise
1042 782 1207 857 fateretur

230 906 262 979 ei
276 931 401 1002 pugnae
419 906 612 996 interfuisse,
627 912 695 1006 qua
706 906 876 993 Caesarem
893 905 1095 977 inserentem
1105 930 1204 985 arma

218 1024 419 1113 Britannia,
441 1051 553 1098 arcere
570 1026 740 1113 litoribus,
758 1028 795 1097 bt
815 1028 940 1122 pellere
956 1023 1098 1123 adgressi
1115 1023 1206 1102 sunt,

230 1148 282 1223 Ita
299 1151 320 1218 si
338 1171 433 1234 eum,
455 1145 515 1241 qui
531 1166 680 1218 armatus
696 1150 737 1219 C.
756 1146 881 1230 Caesari
899 1145 1030 1238 restitit,
1048 1147 1104 1218 vel
1121 1170 1203 1240 cap-

148 1276 151 1283 '
232 1265 362 1355 tivitas,
380 1267 436 1337 vel
454 1267 626 1352 voluntas,
645 1269 700 1338 vel
724 1266 834 1339 fatum
852 1267 996 1363 aliquod
1013 1264 1049 1337 in
1064 1266 1205 1337 Urbem

230 1385 456 1483 pertraxisset,
487 1381 581 1457 idem
601 1385 771 1459 Caesarem
800 1387 912 1482 ipsum
938 1386 975 1455 δι
999 1386 1206 1474 Ciceronem

233 1507 352 1593 audite
368 1504 494 1601 potuit,
517 1505 554 1577 &
582 1506 704 1578 nostris
721 1531 863 1602 quoque
885 1506 1078 1579 actionibus
1102 1505 1205 1577 intet-

230 1629 308 1700 ess'e.
358 1624 525 1698 Proximo
548 1625 690 1725 quidem
708 1604 885 1724 congiario
902 1627 961 1723 ipfi
980 1626 1110 1699 vidistis
1130 1627 1207 1721 ples

143 1732 146 1740 ¹
232 1745 354 1842 rosque
371 1745 477 1833 senes,
501 1744 610 1841 quise
627 1771 647 1821 a
663 1744 747 1817 divo
765 1773 905 1844 quoque
924 1745 1084 1843 Augusto
1101 1743 1205 1822 semel

230 1886 334 1962 atque
359 1869 482 1936 iterum
500 1863 665 1961 accepisse
688 1866 904 1963 congiarium
930 1869 1131 1938 narrabant:
1158 1888 1206 1938 ex

230 2010 301 2080 quo
317 1983 433 2079 colligi
451 1984 574 2079 potest,
589 1985 625 2055 δι
641 1985 835 2058 Corvinum
853 1988 897 2058 ab
913 1984 1027 2056 illis&
1045 1982 1207 2061 Asinium

229 2103 337 2185 auditi
355 2104 510 2200 potuisse.
560 2105 655 2177 Nam
671 2103 842 2176 Corvinus
859 2104 895 2175 in
913 2104 1069 2192 medium
1096 2102 1209 2199 usque

230 2224 384 2322 Augusti
407 2223 651 2321 principatum,
679 2224 815 2297 Asinius
836 2248 931 2320 paene
947 2227 991 2295 ad
1006 2242 1207 2299 extremum

229 2345 381 2422 duravit.
432 2318 511 2416 Nec
538 2342 701 2419 dividatis
723 2343 899 2434 saeculum,
925 2345 962 2414 δι
986 2342 1145 2441 antiquos
1162 2369 1209 2417 ac-

143 2451 150 2474 i
230 2487 361 2538 veteres
388 2463 517 2543 vocetis
546 2485 710 2552 oratores,
751 2488 838 2561 quos
861 2464 1062 2540 eorumdem
1090 2462 1209 2536 homi-

229 2608 317 2657 num
329 2609 427 2658 aures
445 2581 628 2679 agnoscere
642 2608 682 2660 ac
700 2585 797 2661 velut
814 2581 1076 2683 conjungere&
1092 2609 1206 2680 copu-

205 2746 207 2751 s
229 2706 300 2783 lare
318 2724 515 2801 potuerunt.

278 2825 412 2924 XVIII.
432 2827 534 2899 Hrao
555 2823 634 2897 ideo
645 2824 806 2920 praedixi,
823 2845 862 2899 ut
879 2830 1003 2922 sr‘qua,
1016 2849 1060 2898 ert
1078 2827 1206 2899 horum

119 2946 122 2948 ’
229 2967 401 3019 oratorum
426 2943 517 3018 sams
533 2943 727 3043 gloriaque,
747 2946 820 3017 laus
845 2946 1057 3042 temporibus
1080 2946 1206 3044 adqui-

228 3065 327 3156 ritur,
346 3066 507 3141 eamdem
518 3066 682 3142 docerem
699 3065 735 3136 in
753 3066 869 3140 medio
883 3070 993 3156 sitam,
1011 3066 1048 3139 δι
1063 3064 1205 3162 propio·

228 3208 302 3256 rem
320 3185 435 3276 nobis,
456 3187 562 3284 quam
579 3187 649 3258 Ser.
663 3187 799 3274 Galbae,
811 3187 853 3261 C.
870 3186 1037 3276 Carboni,
1050 3183 1208 3282 quosque

229 3302 312 3375 alios
329 3299 488 3400 antiquos
505 3305 629 3382 meriti)
647 3331 859 3382 vocaremus.
908 3308 995 3383 Sunt
1012 3305 1106 3379 enim
1122 3306 1220 3377 hor-·

230 3420 309 3509 ridi,
335 3421 371 3490 &
396 3424 555 3519 impositi,
587 3429 620 3497 bc
640 3424 758 3514 rudes,
780 3424 818 3496 δι
847 3424 1027 3514 informer,
1052 3427 1088 3498 &
1117 3449 1205 3522 quos
1248 3406 1251 3410 i

229 3540 363 3622 utinam
380 3546 474 3616 nulla
491 3529 587 3639 parte
603 3545 754 3621 imitatus
770 3548 851 3622 esset
863 3547 992 3636 Calvus
1008 3547 1127 3635 vester,
1146 3565 1208 3619 aut

230 3660 376 3750 Coelius,
395 3681 454 3732 aut
471 3661 539 3758 ipse
555 3664 704 3738 Cicero?
756 3672 872 3762 Agere
889 3666 984 3744 enim
1002 3664 1145 3762 fortibsj

227 3782 265 3870 84
287 3778 471 3869 audentius
487 3782 584 3875 voto,
609 3782 735 3868 sillud
752 3785 831 3866 ante
848 3786 1055 3882 predixere,
1077 3786 1206 3873 mutari
