2844 4704
354 344 752 421 Hisroiiiannu
784 343 895 417 Lis.
928 346 975 419 Il.
1022 417 1024 421 ,
1079 370 1145 447 143

213 521 406 632 LXXXII.
423 523 563 595 Pitiiun
581 520 663 595 belli
677 546 772 613 cura,
786 546 889 619 agere
901 522 1076 607 delessus3
1096 549 1146 596 re·

165 666 291 716 vocare
304 663 503 716 veteranos:
517 642 729 716 destinantur
745 642 869 715 valida
883 640 1038 717 'civitates
1051 667 1149 716 exer·
1250 729 1255 735 Ι

165 758 285 838 cendis
300 789 475 837 armorum
493 763 664 837 officinis:
684 765 780 862 apud
800 761 1066 854 Antiochenses,
1087 788 1148 836 au·
1198 782 1201 788 ’

166 904 247 959 tuin
264 904 522 983 argentumque
535 887 705 983 signatur:
725 909 836 982 eaque
848 887 975 958 cunela
993 911 1053 981 per
1071 884 1147 957 ido·

165 1031 248 1080 neos
278 1005 463 1095 ministros,
493 1004 559 1077 suis
588 1030 740 1104 quaeque
765 1005 865 1096 locis,
892 1002 1150 1092 festinabamus.

167 1125 244 1224 Ipse
260 1125 498 1224 Vespasianus,
517 1126 626 1215 adire,
644 1125 790 1213 hortari;
810 1129 922 1200 bonos
940 1127 1056 1217 laude,
1075 1124 1151 1224 seg·

165 1274 226 1322 nes
242 1250 423 1345 exemplo,
442 1246 587 1320 incitare
599 1245 733 1344 saepius,
748 1249 857 1345 quam
870 1253 1048 1321 coercere:
1069 1247 1153 1322 vitia

82 1389 88 1391 ’
167 1369 280 1467 magis
291 1367 500 1457 amicorum,
513 1369 621 1467 quam
637 1367 778 1442 virtutes
790 1368 1013 1443 dissimulans.
1050 1371 1151 1443 Mul·

105 1476 108 1479 ⁵
166 1507 221 1563 tos
237 1488 447 1586 praeseeluiis
465 1491 498 1561 &
516 1488 835 1586 procurationibus,
860 1489 1040 1588 plerosque
1055 1488 1151 1565 sena·

151 1609 246 1684 ·torii
273 1610 563 1687 ordinisshonore
589 1609 771 1708 percoluit,
799 1611 960 1710 egregios
985 1610 1090 1703 viros,
1115 1616 1151 1686 δι

168 1758 255 1806 mox
277 1729 424 1805 summa
456 1720 628 1829 adeptos:
663 1731 883 1829 quibusdam,
915 1729 1055 1805 fortuna
1088 1757 1153 1830 pro

166 1852 356 1927 virtutibus
386 1851 461 1927 fuit.
528 1853 760 1960 Donativum·
775 1853 890 1944 militi,
924 1879 1038 1951 neque
1062 1856 1150 1926 Mu·

166 1973 285 2049 cianus
303 1972 416 2072 prima
438 1972 619 2064 concione,
637 1974 696 2047 nisi
714 1974 853 2048 modice
864 1974 1080 2061 ‘ostenderam
1108 2000 1152 2049 ne

166 2095 387 2194 Vespasianus
400 2095 560 2195 quidem,
576 2096 655 2192 plns
671 2094 764 2169 civili
782 2097 876 2170 bello
888 2096 1028 2186 obtulit,
1043 2096 1153 2195 quani

165 2218 223 2293 alii
241 2217 395 2323 inpace,
413 2217 553 2316 egregie
570 2219 691 2291 firmus
707 2217 870 2291 adversus
888 2216 1070 2289 militarem
1087 2220 1152 2291 lar-

167 2338 349 2438 gitionem,
379 2339 494 2437 eoque
509 2337 666 2412 exercitu
690 2339 843 2412 meliore.
894 2337 988 2441 Misi
1006 2342 1051 2412 ad
1066 2340 1152 2411 Pat-

165 2463 267 2534 thum
284 2459 566 2565 Armeniumque
585 2459 704 2558 legati,
730 2458 994 2558 provisumque,
1013 2484 1057 2531 ne
1073 2484 1152 2532 ver-

158 2583 208 2677 sis
223 2582 270 2654 ad
293 2581 399 2656 civile
417 2583 552 2654 bellum
568 2562 780 2680 legionibus,
806 2601 905 2681 terga
926 2582 1152 2654 nudarentur.
1215 2665 1225 2675 ι

167 2700 295 2774 Titum
315 2701 600 2797 instare'Judaeae,
619 2700 865 2799 Vespasianum
882 2701 1040 2776 obtinere
1056 2703 1153 2776 clau-

167 2819 237 2894 stra
249 2819 400 2922 AEgymi
418 2821 568 2917 placuit:
595 2820 748 2898 sufficere
764 2814 972 2897 videbantur
989 2823 1153 2899 adversus

168 2938 367 3029 Vitellium,
396 2965 474 3039 pais
501 2941 693 3040 copiarum,
720 2949 754 3019 &
784 2946 860 3019 dux
886 2944 1089 3036 Mucianus,
1117 2948 1152 3019 &

168 3060 365 3158 Vespasiani
395 3060 541 3153 nomen,
575 3089 617 3136 ac
651 3065 737 3138 nihil
764 3068 912 3142 arduum
939 3065 1028 3141 satis.
1092 3067 1154 3142 Ad

167 3207 293 3256 omnes
309 3182 480 3257 exercitus
504 3183 704 3284 legatosque
727 3185 860 3286 scriptae
881 3189 1047 3286 epistola,
1067 3214 1153 3285 prae·

94 3344 96 3349 <
168 3323 396 3401 ceptumque,
433 3311 462 3348 “
489 3326 527 3379 ut
554 3306 792 3404 praetorianos,
821 3308 962 3382 Vitellio
990 3307 1152 3400 infensos,

168 3424 450 3523 “reciperandae
475 3426 606 3502 militiae
629 3427 776 3528 praemio
794 3428 1018 3508 invitarent.''

215 3547 427 3621 LXXXIII.
463 3549 690 3622 Mucianus
723 3575 806 3621 cuni
839 3551 1002 3647 expedita
1030 3577 1152 3639 manu,

166 3663 298 3740 socium
316 3667 428 3767 magis
442 3667 590 3766 imperii,
606 3669 713 3767 quam
732 3669 925 3744 ministrum
940 3698 1061 3770 agens,
1080 3696 1152 3744 non

168 3786 264 3861 lento
286 3787 419 3881 itinere,
448 3815 491 3863 ne
518 3788 671 3863 cunctari
689 3789 875 3883 videretur,
904 3817 1017 3888 neque
1034 3811 1152 3862 tamen
