2820 4694
274 340 343 436 196
425 416 428 421 ,
482 287 522 408 C
562 335 829 411 Conuaarr
867 337 1069 415 Tacrrt

272 511 431 611 pecunia,
446 516 480 586 δι
497 513 627 587 ruentis
642 513 790 588 fortunae
802 517 986 589 noviffima
998 515 1120 591 libido.
1162 519 1240 594 Ad-

271 652 375 706 ventu
387 633 530 706 demum
544 634 702 729 peditum
714 636 941 734 equitumque
951 636 1099 734 pravitas
1112 637 1242 711 consilii

245 790 248 797 ·
268 752 387 852 patuit,
409 752 491 850 quia
506 779 571 827 nee
585 756 712 831 vadere
727 782 787 853 per
797 757 910 832 hostes
926 776 997 832 tam
1017 760 1121 856 pamla
1135 782 1242 832 manu

268 894 416 972 poterat,
430 873 558 948 etiamsi
575 875 732 948 fidillrma
748 876 849 967 foret,
867 902 931 951 nec
948 877 1116 976 integram
1132 879 1241 952 fidem

265 995 460 1068 attulerant.
509 994 629 1067 Pudor
645 1013 774 1084 tamen,
790 1001 823 1068 δι
841 995 1013 1093 praesentis
1028 999 1126 1073 ducis
1143 1024 1240 1072 reve·

266 1112 375 1186 rentia
407 1114 618 1202 morabatur,
653 1116 746 1185 haud
775 1113 940 1189 diuturna
971 1117 1112 1192 vincula
1143 1117 1238 1215 apud

264 1234 384 1306 avidos
401 1232 647 1331 periculorum,
664 1238 698 1307 δι
714 1233 895 1331 dedecoris
909 1216 1053 1311 securos.
1095 1240 1150 1312 Eo
1165 1263 1239 1313 me·

265 1372 319 1442 tu,
339 1359 373 1428 &
398 1354 527 1452 paucis,
553 1378 642 1450 quos
666 1347 804 1426 adversa
827 1380 900 1427 non
922 1372 1151 1447 mutaverant,
1181 1382 1240 1430 co·
1333 1448 1344 1473 ι

253 1473 481 1564 ¹mitantibus,
512 1475 668 1547 cohortes
691 1473 894 1548 Ariminum
922 1477 1124 1573 praemittit:
1149 1479 1241 1551 alam

267 1602 295 1638 “
312 1594 397 1667 tueri
413 1595 534 1693 terga”
555 1591 682 1691 jubet:
708 1593 779 1690 ipse
796 1594 894 1668 flexit
909 1595 946 1667 in
966 1596 1168 1688 Umbriam,
1186 1585 1238 1670 at·

264 1741 334 1814 que
356 1715 438 1788 inde
456 1713 656 1800 Etruriam3
684 1714 748 1788 ubi
771 1716 916 1819 cognito
940 1741 1068 1815 pugnae
1091 1717 1237 1790 Cremo·

195 1881 197 1886 ,
263 1839 373 1911 nensis
401 1855 541 1925 eventu,
573 1861 646 1911 non
668 1835 852 1934 ignavum,
885 1841 933 1925 δι,
966 1836 1235 1934 srproveniffet,

261 1978 363 2031 atrox
380 1956 561 2032 confilium
577 1955 664 2046 iniit,
684 1976 723 2041 ut
734 1956 877 2054 arreptis
889 1957 1048 2047 navibus,
1060 1956 1097 2030 in
1114 1983 1237 2055 quam·

262 2094 415 2176 eumque
445 2097 577 2176 partem
605 2079 837 2150 Narbonensis
861 2076 1049 2175 provinciae
1072 2080 1236 2176 egrellus,

262 2201 405 2289 Gallias,
424 2203 458 2270 lla
476 2198 656 2289 exercitus,
676 2203 709 2271 δι
722 2197 916 2294 Germaniae
934 2217 1066 2295 gentes,
1083 2221 1235 2271 novum·
1263 2190 1265 2193 ’

262 2346 330 2420 que
351 2321 483 2395 bellum
506 2318 621 2393 cieret.

236 2452 241 2455 ’
268 2440 272 2454 “
311 2443 428 2515 XLll.
455 2442 651 2512 Drcnasso
678 2442 839 2528 Valente,
865 2438 1032 2537 trepidos,
1062 2438 1122 2536 qui
1151 2439 1233 2512 Ari-

261 2564 398 2638 minum
415 2563 592 2649 tenebant,
609 2560 791 2636 Cornelius
815 2559 957 2650 Fuscus,
974 2561 1119 2634 admoto
1135 2584 1233 2633 exer-

260 2684 345 2773 citu,
360 2685 392 2756 &
410 2682 512 2755 millu
529 2706 589 2779 per
607 2680 765 2779 proxima
780 2680 921 2753 litorum
937 2678 1128 2770 liburnicis,
1147 2680 1236 2752 terrla

213 2785 216 2792 ¹
259 2804 416 2902 marique
443 2801 683 2876 circumvenit.
749 2803 975 2897 Occupantur
1008 2801 1111 2896 plana
1142 2800 1241 2891 Umf
1306 2830 1313 2840 ’

161 2999 166 3011 ⁴
259 2926 358 3013 briae,
380 2931 413 2998 δι
432 2925 501 3023 qui
517 2923 664 2996 Picenus
681 2947 762 3021 ager
778 2921 888 2995 Adria
904 2919 1081 2995 adluitur:
1107 2918 1235 2993 omnis·

258 3070 327 3141 que
343 3044 441 3115 ltalia
465 3044 551 3116 inter
577 3041 821 3140 Vespasianum
845 3067 886 3115 ac
908 3040 1232 3135 VitelliumApen·

258 3162 332 3236 nini
347 3152 445 3259 jugis
460 3163 690 3237 dividebatur.
740 3161 870 3236 Fabius
894 3163 1023 3233 Valens
1043 3186 1063 3232 e
1086 3164 1158 3232 smu
1176 3158 1234 3232 Pi-

257 3283 352 3371 sano,
369 3282 512 3382 segnitia
529 3260 644 3374 maris}
662 3302 720 3356 aut
737 3281 936 3356 adversante
953 3301 1072 3370 vento,
1091 3282 1235 3353 Portum

258 3402 423 3477 Herculis
452 3404 613 3477 Monoeci
637 3401 844 3501 depellitur:
876 3404 971 3475 haud
1002 3401 1125 3498 procul
1152 3398 1236 3472 inde

169 3584 173 3594 .
256 3525 381 3623 agebat
416 3524 551 3595 Marius
579 3526 757 3612 Maturus,
800 3522 949 3620 Alpium
983 3511 1235 3594 maritimarum

154 3720 158 3725 .
258 3662 474 3745 procurator,
511 3643 601 3715 fidus
633 3643 788 3733 Vitellio,
831 3640 925 3740 cujus
965 3639 1232 3731 sacramentum,

158 3863 160 3865 Ι
259 3763 392 3842 cundia
413 3762 503 3838 circi
520 3761 716 3853 hostilibus,
735 3764 893 3837 nondum
909 3781 1062 3836 exuerat.
1112 3762 1146 3835 Is
1162 3761 1233 3831 Va·
1338 3765 1344 3770 ”

1290 264 1301 297 b
