2820 4694
242 339 318 437 258
423 334 1043 416 oceorssrnrrcm

243 508 490 590 Romanorum
507 515 702 589 tuebantur.
752 517 820 590 Sed
848 514 1008 591 lixarum*
1021 515 1227 608 multitudo,

244 635 384 708 turbata
407 657 493 732 pace
522 634 604 711 illuc
630 657 856 739 congregata,
884 643 919 713 aa
952 638 1046 714 bello
1072 629 1228 711 ministra

246 758 377 832 aderat,

235 918 256 979 j
295 877 433 952 XXIII.
460 878 565 951 Pars
578 877 767 954 castrorum
777 880 814 953 in
825 880 951 955 collem
970 881 1095 957 leniter
1110 881 1227 955 exsur-

247 1025 357 1100 gens;
377 1023 458 1096 pars
471 1022 578 1097 ‘aequo
593 999 776 1073 adibatur:
804 1001 949 1100 quippe,
974 1002 1041 1075 illis
1060 1001 1228 1092 hibernis,

246 1117 394 1196 obsideri
423 1120 606 1219 premique
621 1122 839 1212 Germanias,
869 1121 1048 1220 Augustus
1075 1123 1228 1197 credide·

248 1262 326 1314 rat:
346 1261 460 1338 neque
468 1262 644 1340 'umquam
656 1230 698 1315 *id
717 1244 908 1333 malorum,
929 1262 970 1315 ut
986 1262 1230 1342 oppugnatum

247 1364 341 1436 ultro
369 1362 523 1460 legiones
547 1362 681 1436 nostras
711 1363 881 1437 venirent.
930 1365 1019 1438 Inde
1047 1390 1119 1437 non
1138 1366 1232 1454 loce,

250 1508 365 1583 neque
399 1482 626 1557 munimentis
662 1485 764 1559 labor
788 1486 949 1558 additus:
990 1485 1042 1558 vis
1071 1491 1112 1559 δι-
1139 1509 1236 1559 arma

249 1606 327 1682 satis
359 1604 554 1702 placebant.
582 1702 584 1705 r
620 1605 754 1696 Batavi,
787 1600 1127 1703 Transrhenanique,
1160 1605 1234 1703 qud
1351 1610 1352 1613 ’

248 1725 392 1800 discreta
408 1725 518 1799 virtus
535 1723 748 1801 manifestiirs
764 1724 983 1825 spedaretur,
1002 1725 1064 1801 fibi
1080 1747 1232 1824 quaeque

249 1872 339 1948 gens
350 1846 551 1938 consistunt,
563 1846 707 1925 feminus
724 1848 933 1924 lacessentes.
982 1844 1066 1922 Post
1080 1846 1142 1921 ubi
1159 1847 1232 1944 ple·

250 1990 359 2067 raque
384 1969 535 2042 telorum
560 1967 715 2042 turribus
733 1968 917 2067 pinnisque
939 1969 1113 2043 moenium
1137 1966 1235 2041 irrita

251 2090 493 2179 haerebam&
506 2090 650 2189 desuper
666 2088 753 2163 saxis
768 2091 1062 2175 vulnerabantur3
1081 2089 1237 2162 clamore
1253 2100 1254 2103 ’

251 2230 358 2309 atque
380 2209 530 2308 impem,
556 2211 714 2284 invasere
731 2211 882 2308 uallum,
899 2208 1062 2308 appositis
1078 2206 1235 2307 plerique

252 2330 366 2423 scalis,
391 2331 449 2406 alii
466 2357 528 2430 per
548 2331 757 2406 testudinem
773 2329 937 2405 suorum:
956 2329 1236 2426 scandebantque

245 2453 320 2553 jam
333 2454 496 2553 quidam,
514 2452 599 2527 ciam
618 2453 743 2553 gladiis
761 2459 794 2528 &
812 2451 1131 2527 armorumincuffu
1146 2474 1235 2548 prae·

249 2576 397 2675 cipitati,
413 2573 555 2649 sudibus
572 2580 607 2649 ὃς
626 2575 703 2673 pilis
719 2578 929 2664 obruuntur,
953 2572 1154 2670 praeferoces
1171 2569 1237 2643 ini·

128 2739 130 2742 >
250 2690 324 2789 tio,
341 2703 375 2772 δι
392 2698 494 2770 rebus
510 2695 669 2770 secundis
693 2688 803 2769 nimii.
852 2696 1013 2768 Sedtum
1032 2696 1157 2794 praedae
1175 2719 1237 2768 cu·
1391 2742 1393 2749 ,

252 2819 388 2918 pidine,
416 2815 565 2892 adversa
603 2842 748 2915 quoque
768 2809 986 2891 tolerabant.
1053 2817 1240 2890 Machmas

250 2941 373 3032 etiam,
391 2939 568 3014 insolitum
581 2937 661 3028 fibi,
680 2941 774 3012 aufi:
799 2962 864 3012 nec
882 2940 954 3013 ulla
969 2937 1048 3037 ipsis
1064 2936 1235 3012 sollertia:

252 3050 410 3160 persugae
435 3059 634 3158 captivique
662 3059 837 3132 docebant
859 3060 990 3134 struere
1011 3046 1176 3133 'materias
1203 3058 1240 3130 in·

250 3182 403 3255 modum
420 3181 549 3280 pontis,
574 3198 661 3255 mox
675 3177 836 3277 subjaais
850 3180 936 3252 rotis
958 3179 1172 3278 propellere:
1201 3193 1240 3250 ut

253 3303 313 3378 alii
330 3301 571 3402 superstantes,
601 3323 783 3400 tamquam
796 3324 845 3406 px
870 3326 1014 3399 aggere,
1039 3298 1238 3396 proeliaren-

253 3432 340 3497 ture
375 3450 452 3520 pars
480 3424 587 3514 intus,
610 3422 738 3497 occulti
766 3448 884 3497 muros
910 3423 1120 3497 submerent.
1168 3417 1240 3490 Sed

254 3544 397 3618 excussa
423 3545 547 3618 balistis
574 3544 668 3635 saxa,
703 3544 853 3620 stravere
880 3541 1028 3619 informe
1045 3563 1172 3636 vopusa
1204 3542 1240 3612 δι

253 3684 363 3740 crates
381 3661 566 3763 vineasque
589 3665 801 3763 parantibus,
827 3666 956 3742 adalta
976 3659 1160 3738 tormentis
1184 3684 1240 3734 ar·

253 3790 378 3864 dentes
401 3783 529 3862 hasta:
557 3787 719 3885 ultroque
741 3788 803 3888 ipsr
820 3804 1082 3889 oppugnatores
1099 3781 1241 3886 ignibus
1373 3889 1375 3894 Ι
