2844 4704
253 347 320 442 178
362 403 372 409 ..
470 340 1072 418 ocorrnrruTAcm

251 513 338 594 :nari
355 513 530 610 legiones:
562 515 682 590 datum
700 540 762 612 per
779 540 879 613 agros
895 518 1046 616 signum,
1073 534 1126 605 ut,
1159 515 1228 612 qui

251 634 376 731 cuique
400 618 615 728 proximum,
642 633 766 708 omissi
792 635 921 732 preda,
953 635 1080 733 proelio
1106 661 1227 708 occur-

252 772 371 829 rerent.
430 751 581 827 Pavidus
616 752 754 828 interim
788 757 914 846 Varus,
948 758 1059 830 turbae
1087 754 1229 830 suorum

251 871 425 960 miscetur,
452 871 640 970 intulitque
664 872 916 948 formidinem:
945 877 1030 972 pulsi
1048 901 1131 950 curn
1153 874 1229 950 sau-

251 977 311 1067 ciis
330 991 469 1089 integri,
499 991 693 1089 suometipsr
718 1015 830 1083 metu,
860 995 1080 1093 &angustiis
1096 995 1230 1071 viarum

252 1111 550 1187 conflictabantur.

302 1234 419 1307 XVII.
445 1233 626 1305 Nonnunr
654 1232 690 1304 in
715 1231 774 1305 illa
802 1233 1033 1330 trepidatione
1056 1234 1231 1311 Antonius

254 1350 440 1444 constantis
472 1350 588 1440 ducis',
623 1372 683 1427 aut
712 1351 881 1429 fortissimi
914 1354 1046 1445 militis,
1080 1353 1233 1431 officium

252 1472 383 1548 omisit:
412 1470 589 1547 occursare
613 1472 837 1570 paventibus:
872 1472 1018 1548 retinere
1047 1476 1231 1551 cedentes:

253 1592 315 1671 ubi
341 1591 511 1692 plurimus
542 1594 653 1682 labor,
683 1593 777 1665 unde
809 1592 925 1690 aliqua
960 1591 1046 1690 spes,
1076 1596 1232 1685 consilio,

240 1738 375 1801 manu,
403 1738 503 1801 voce,
533 1712 672 1812 infignis
700 1712 803 1804 hosti,
833 1710 1038 1811 conspicuus
1066 1711 1154 1786 suis:
1189 1713 1233 1787 eb

254 1830 429 1929 postremo
445 1833 574 1910 ardoris
596 1834 779 1930 provectus
795 1833 858 1924 est,
889 1853 928 1907 ut
944 1832 1162 1910 vexillarium
1178 1831 1233 1907 fu-

252 1952 406 2053 gientem
422 1952 523 2031 hasti
539 1952 846 2030 transverberaret:
867 1979 955 2028 rnox
970 1974 1110 2051 raptum
1122 1952 1232 2027 vexil·

251 2074 380 2151 lumin
403 2073 540 2149 hostem
563 2073 683 2157 vertit:
714 2100 785 2171 quo
810 2074 955 2171 pudore,
983 2075 1078 2151 haud
1102 2075 1232 2170 plures,

213 2246 217 2249 -
253 2196 361 2291 quim
379 2214 519 2267 centum
537 2191 683 2290 equites,
702 2193 863 2270 restitdre.
912 2193 1012 2290 Juvit
1028 2195 1137 2284 locus,
1157 2218 1231 2267 arc,

252 2315 337 2390 tiore
358 2315 427 2396 illic
445 2312 517 2403 vit,
537 2319 570 2389 ἃ
589 2311 699 2388 sras’to
710 2313 937 2393 interfluentis
952 2313 1016 2390 rivi
1029 2335 1150 2411 ponte,
1168 2311 1232 2410 qui

144 2489 147 2495 -
252 2433 384 2511 incerto
400 2434 514 2524 alveo,
541 2437 576 2511 &
602 2434 839 2532 praecipitibus
855 2435 949 2532 ripis,
976 2433 1097 2534 sugam
1122 2434 1231 2532 impe·

252 2554 390 2630 diebat:
410 2578 451 2635 ea
468 2556 654 2645 necessitas,
672 2553 729 2629 seu
746 2554 900 2646 fortuna,
917 2554 1023 2654 lapsas
1027 2554 1103 2653 jam
1122 2575 1235 2653 parter
1281 2598 1283 2602 =

252 2674 402 2759 restitnit.
453 2674 595 2757 Firmati
611 2675 700 2755 inter
715 2676 761 2767 so,
786 2678 897 2753 densis
920 2675 1114 2765 ordinibus,
1139 2674 1234 2755 exci-

184 2886 185 2891 Ἰ
253 2795 353 2892 piunt
381 2792 588 2874 Vitellianos
610 2817 740 2878 temere
768 2796 915 2874 effusos:
944 2816 1051 2894 atque
1072 2795 1122 2869 illi
1151 2821 1234 2870 con.

255 2915 458 2991 sternantur.
524 2917 700 2995 Antonius
725 2918 849 2998 instare
877 2920 1051 3018 perculsis,
1088 2917 1234 2993 sternere

254 3034 389 3113 obvios.
439 3036 551 3112 Simul
577 3038 695 3131 ceteri,
723 3059 763 3112 ut
785 3038 912 3136 cuique
934 3037 1127 3136 ingenium,
1156 3034 1233 3133 spo-

253 3151 349 3242 liare,
377 3181 514 3253 capere,
540 3184 649 3249 arma,
672 3155 848 3256 equosque
869 3158 1047 3267 abripere:
1079 3155 1236 3233 &exciti

255 3270 414 3370 prospero
431 3280 597 3368 clamore,
627 3278 689 3379 qui
710 3275 820 3357 modo
837 3303 900 3376 per
915 3304 1017 3377 agros
1033 3277 1117 3377 fugi
1139 3275 1233 3373 pala-

254 3392 395 3483 bantur,
414 3398 573 3481 vietoriae'
590 3398 623 3472 se
645 3397 845 3476 miscebant.
1119 3458 1122 3464 ,

300 3510 437 3586 XVIII.
463 3523 525 3590 An
550 3537 714 3624 quarturp
735 3545 757 3591 a
781 3521 957 3595 Cremona
981 3519 1152 3616 lapidem,
1168 3516 1237 3595 fur.

251 3622 325 3706 ssre
342 3631 521 3731 legionum
544 3641 651 3733 signa,
678 3640 830 3736 Rapacis
852 3660 956 3736 atqqe
980 3640 1125 3732 Italicae,
1155 3640 1238 3719 iaero

251 3751 340 3841 inter
372 3753 470 3842 initia.
495 3756 653 3868 equiturn
677 3758 817 3846 suorum
841 3759 980 3867 proelio,
1013 3761 1236 3866 iuncusque
1357 3772 1361 3791 ²
