2774 5026
367 331 780 451 Histonium«
814 375 928 448 Lra.
960 375 989 448 Ι.
1128 402 1170 478 ις

183 547 383 647 legationis,
414 546 572 646 seposuit.
623 550 736 638 Otho,
766 549 915 622 comiter
938 547 1175 633 administratl

182 669 529 769 pruvincil‚·primus
542 668 577 743 in
591 692 705 767 partes
717 668 953 768 transgressus,
968 695 1032 743 nec
1045 668 1172 766 segnis,

183 798 221 866 ἃ
243 793 356 864 donec
375 792 508 864 bellum
532 789 612 880 suit,
635 791 723 864 inter
748 789 928 888 praesentes
950 789 1176 887 splendidissu

183 939 276 1002 mus,
306 912 402 1010 spent
428 911 642 1009 adoptionis,
670 911 784 983 statim
810 933 1032 1008 conceptam,
1060 913 1174 986 acriirs

183 1033 221 1108 in
247 1033 325 1107 dies
343 1031 517 1130 rapiebat.
554 1031 752 1105 faventibus
787 1030 956 1130 plerisque
990 1031 1171 1122 militum3

186 1157 297 1252 prona
313 1154 351 1228 in
366 1178 449 1227 eum
466 1155 545 1226 aula
561 1153 726 1242 Neronis,
744 1173 784 1224 ut
802 1158 822 1227 s
827 1153 977 1227 mrlem

235 1278 336 1351 XIV
360 1275 437 1348 Suu
455 1275 584 1361 Galba,
611 1273 689 1371 post
716 1273 857 1346 nuntios
880 1237 1099 1348 Germanica
1124 1274 1174 1350 fe-

184 1394 346 1484 ditionis,
374 1419 585 1492 quamquam
615 1393 701 1468 nihil
725 1376 842 1468 adhuc
862 1395 907 1466 de
936 1393 1077 1467 Vitellio
1099 1420 1173 1470 cer-

187 1535 279 1604 tum,
307 1514 444 1604 anxius,
470 1516 625 1612 quonam
647 1515 862 1588 exercituum
888 1515 939 1587 vis
965 1537 1174 1613 erumperet,

183 1662 232 1709 ne
264 1637 413 1709 Urbano
442 1636 589 1735 quidem
616 1635 716 1708 militi
743 1634 905 1768 confisus,
933 1638 1031 1770 quod
1061 1663 1174 1710 reme-

183 1757 286 1831 dium
315 1755 459 1830 unicum
495 1759 646 1845 rebatur,
681 1756 822 1829 comitia
848 1755 982 1854 imperii
1009 1759 1175 1857 transigit.

185 1876 448 1975 Adhibitoque,
471 1876 577 1975 super
589 1874 750 1967 Vinium,
775 1904 816 1950 ac
834 1880 1030 1969 Laconem,
1055 1879 1176 1953 Mario

187 1997 302 2087 Celso,
329 1998 469 2073 consule
494 2000 688 2097 designato,
717 2024 758 2071 ac
785 2000 975 2073 Ducennio
1002 2001 1172 2098 Gemino,

187 2117 354 2216 praese&o
372 2118 495 2210 Urbis,
520 2145 633 2216 pauca
665 2117 825 2217 ptaesatus
856 2129 883 2163 “
902 2123 947 2196 de
972 2122 1030 2196 sust
1058 2121 1173 2197 senec-

185 2247 216 2284 “
233 2260 321 2331 tute,
349 2239 512 2314 Pisonem
540 2236 768 2320 Licinianum
795 2244 937 2316 arceslr''
961 2240 1090 2339 jubet:
1118 2241 1176 2318 seu
1271 2299 1272 2303 ,
1357 2221 1361 2228 ι

186 2362 328 2460 propria
357 2362 542 2452 electione,
576 2365 659 2454 sive,
692 2385 732 2438 ut
762 2363 910 2462 quidam
943 2363 1173 2454 tradiderunt,

186 2486 333 2557 [acone
349 2484 514 2574 instante,
543 2484 615 2574 cui,
644 2487 739 2583 apud
758 2483 968 2560 Rubellium
988 2485 1171 2576 Plautum,

182 2605 340 2679 exercita
356 2630 441 2678 cum
464 2603 588 2679 Pisone
608 2605 779 2681 amicitia:
811 2606 869 2680 sed
892 2605 1032 2695 callide,
1056 2626 1095 2679 ut
1119 2605 1173 2704 ig-

84 2810 86 2816 ,
185 2748 328 2817 notum,
352 2725 510 2817 fovebat,
534 2732 569 2802 δι
590 2726 749 2826 prospera
766 2730 812 2801 de
828 2727 949 2801 Pisone
973 2725 1066 2802 sama
1088 2753 1174 2801 con·
1253 2782 1274 2826 ¹.

188 2843 266 2918 filio
277 2845 347 2942 ejus
363 2846 470 2920 fidem
487 2848 679 2924 addiderat.
717 2847 810 2939 Piso,
825 2852 882 2923 M.
896 2851 1016 2923 Crasso
1035 2853 1068 2919 ἃ
1086 2849 1178 2922 Scri-

186 2964 305 3039 bonifa
316 2965 468 3064 genitus,
498 2969 622 3043 nobilis
645 2968 847 3068 utrimque,
865 2971 968 3043 vultu,
981 2969 1175 3069 habituque

185 3086 294 3161 moris
319 3087 468 3187 antiqui,
499 3095 532 3163 δι
550 3088 777 3164 aeslimatione
793 3093 884 3164 tecla
901 3088 1050 3180 severus,
1076 3091 1174 3164 dete-

184 3207 257 3281 rius
283 3207 589 3353 interpretantibus
619 3211 747 3285 tristior
777 3214 994 3286 habebatur:
1024 3237 1066 3284 ea
1095 3238 1172 3310 pars
1214 3269 1220 3301 ,

187 3353 332 3407 morum
359 3329 448 3429 ejus,
479 3332 553 3432 qub
580 3331 766 3431 suspectior
794 3332 958 3423 sollicitis,
993 3333 1175 3483 adoptanti

187 3451 359 3556 placebat

236 3574 319 3647 XV.
345 3574 488 3648 lorrort
504 3578 634 3665 Galba,
664 3577 878 3674 adprehensa
895 3572 1027 3648 Pisonis
1052 3601 1174 3666 manu,

184 3695 223 3776 in
240 3696 335 3770 hunc
354 3695 504 3770 modum
530 3699 666 3769 locutus
690 3695 821 3771 fertur:
857 3705 884 3740 “
901 3698 935 3770 Si
952 3720 987 3770 te
1004 3698 1173 3795 privatus,

186 3824 215 3864 “
233 3816 313 3915 lege
331 3816 475 3909 curiata,
494 3817 588 3917 apud
608 3817 803 3920 pontifices,
817 3837 853 3893 ut
865 3816 970 3895 moris
983 3817 1046 3908 est,
1063 3816 1174 3918 adop·
