2752 4710
215 407 284 456 ‘20
403 375 1005 456 C.Coiinan11Tnc1r1

236 576 309 655 riori
327 551 460 624 maestus
488 556 521 626 δι
539 572 654 642 atrox,
679 551 736 625 sed
754 549 867 625 hilaris
890 553 923 623 δι
942 566 1144 626 coronatus:
1174 555 1216 629 dc

235 696 301 768 pro
328 672 494 762 memori&
521 672 606 763 mei,
639 698 704 746 nec
732 671 886 745 consulat
912 670 1107 769 quisquam,
1142 699 1211 749 nec

236 810 346 889 roget.

148 1001 151 1014 Ι
229 965 230 974 1
284 913 382 986 XIV.
410 915 490 986 Vix
518 914 606 987 dum
635 912 768 985 finierat
794 914 989 1002 Maternus,
1016 914 1213 988 concitatus

237 1033 270 1104 ὃς
297 1034 392 1104 velut
419 1032 610 1121 instinrrus,
635 1031 718 1105 ciam
746 1032 921 1131 Wpstanius
947 1032 1080 1124 Mcffala
1106 1033 1209 1108 cubi-

234 1154 354 1225 culum
370 1149 441 1248 ejus
457 1152 623 1248 ingressus
639 1152 703 1241 est,
727 1149 979 1250 suspicatusque
995 1177 1040 1226 ex
1055 1154 1128 1250 ipsa
1155 1153 1210 1227 in-

231 1271 386 1344 tentione
412 1272 638 1367 singulomm,
668 1260 824 1345 altiorem
850 1271 937 1345 inter
964 1299 1022 1345 eos
1049 1276 1115 1346 esse
1144 1275 1211 1347 ser·

231 1418 400 1468 monem:
427 1393 528 1463 Num
547 1417 670 1488 parum
688 1391 923 1489 tempestivus,
952 1392 1079 1490 inquit,
1099 1393 1212 1467 inter·

163 1518 166 1524 ’
231 1514 328 1603 veni,
354 1512 520 1585 secretum
546 1512 726 1585 confilium
755 1518 789 1585 δι
807 1512 912 1586 causae
939 1512 1080 1612 alicujus
1097 1515 1212 1587 niedi-

231 1633 401 1707 tationem
429 1631 676 1705 trastantibus?
708 1632 875 1723 Minime,
905 1632 1077 1723 minimd,
1093 1634 1211 1732 inquit

186 1828 194 1837 ,
232 1757 411 1838 Secundum
437 1774 541 1849 atque
566 1751 653 1825 aideb
677 1751 804 1825 vellem
821 1736 986 1828 maturiiis
1010 1753 1211 1827 intervenis-

233 1873 309 1946 ses:
336 1873 531 1946 delectaret
548 1872 640 1945 enim
665 1892 699 1945 te
717 1876 750 1944 δι
769 1873 858 1969 Apri
876 1872 983 1946 nostri
1006 1874 1210 1948 accuratissi-

229 2018 308 2066 mus
332 1990 456 2082 serm0,
487 1993 569 2065 ciam
589 1994 807 2082 Maternum,
835 2013 874 2064 ut
894 2015 1000 2065 omne
1024 1993 1213 2092 ingenium

229 2111 442 2193 acstudium
470 2104 569 2185 suum
586 2112 631 2184 ad
657 2111 769 2184 causas
792 2112 944 2209 agendas
974 2134 1211 2206 converteret,

154 2224 160 2235 ’
229 2235 427 2330 exhortatus
453 2232 514 2321 est,
554 2236 588 2305 δι
618 2230 772 2334 Materni
803 2256 865 2328 pro
897 2229 1104 2305 carminibus
1137 2231 1212 2307 suis

229 2355 321 2445 laeta,
351 2374 459 2452 utque
478 2357 598 2448 poe'tas
615 2350 754 2426 defendi
772 2351 930 2442 decebat,
953 2351 1146 2443 audentior,
1172 2360 1211 2429 bc

230 2479 412 2571 poetarum
450 2472 557 2568 quani
590 2492 766 2545 oratorum
799 2471 940 2544 similior
970 2472 1092 2545 oratio.
1144 2475 1213 2547 Me

188 2672 192 2690 ¹
233 2593 331 2684 verb,
359 2591 488 2689 inquit,
514 2597 548 2664 &
565 2589 677 2664 sermo
695 2589 765 2689 ipse
786 2591 922 2665 infinita
937 2593 1117 2689 voluptate
1142 2597 1209 2668 ad-

225 2715 368 2805 fecisset,
399 2733 502 2809 atque
530 2711 566 2783 id
595 2710 707 2808 ipsum
732 2713 893 2803 delectat,
923 2709 1019 2810 quod
1049 2728 1112 2788 vos
1141 2715 1210 2789 viri

227 2835 351 2932 optimi
370 2837 403 2907 δι
421 2854 620 2928 temporum
644 2833 838 2905 nostrorum
864 2852 1025 2922 oratores,
1055 2859 1127 2907 nori
1150 2834 1208 2909 fo-

226 2959 377 3028 rensibus
403 2953 539 3025 tantiim
569 2952 730 3049 negotiis,
759 2957 792 3026 δι
819 2954 1069 3027 declamatorio
1092 2954 1209 3030 studio

227 3073 367 3171 ingenia
384 3073 495 3146 vestra
516 3071 697 3161 exercetis,
726 3070 784 3145 sed
812 3070 979 3170 ejusmodi
1007 3075 1110 3147 etiam
1136 3075 1207 3150 dis-

229 3193 424 3289 putationes
440 3190 641 3289 adjungitis,
668 3197 800 3289 quae&
829 3190 1010 3290 ingenium
1027 3196 1138 3286 alunt,
1170 3202 1207 3270 rc

226 3311 428 3383 eruditionis
441 3316 473 3384 δι
487 3311 661 3384 literarum
667 3309 956 3408 jucundissimum
967 3315 1201 3390 oblectamen-

225 3452 317 3518 tum,
343 3430 426 3502 ciim
443 3430 543 3503 vobis
560 3431 620 3529 qui
646 3430 704 3504 illa
725 3431 917 3530 disputatis,
939 3434 1099 3523 afferunt,
1123 3453 1204 3510 tum

223 3550 327 3623 etiam
352 3547 418 3636 his,
447 3553 659 3646 adquorum
683 3576 779 3625 aures
801 3554 1031 3650 pervenerint.
1078 3555 1205 3653 ltaque

224 3670 362 3743 hercule
378 3692 449 3739 non
466 3667 581 3741 minias
606 3669 742 3767 probari
768 3673 872 3748 video
899 3675 935 3747 in
953 3696 1000 3764 re,
1029 3675 1204 3766 Secunde,
1280 3726 1286 3741 ·

225 3790 323 3889 qubd
340 3787 426 3885 Julii
442 3786 584 3864 Asiatici
601 3788 711 3866 vitam
732 3797 993 3893 componendo,
1024 3793 1121 3893 spem
1137 3797 1204 3871 ho·
