2820 4694
359 337 985 411 HrsronrnnnsaLrn.lV.
1099 339 1167 432 289

178 512 216 579 .“
233 502 282 576 fas
307 527 497 594 armorum,
521 504 624 602 &jus
642 504 817 599 hostium:
847 507 992 578 bellum·
1005 529 1086 576 cum
1105 531 1168 602 po·

187 632 214 668 “
234 626 319 721 pulo
338 629 503 700 Romano
521 624 641 699 vestris
659 625 691 698 se
709 625 868 698 manibus
886 624 1060 722 gesturum
1076 624 1168 699 Clas-

174 752 215 822 .“
235 749 319 818 ficus
336 744 464 842 sperat:
484 745 745 843 imperiumque
763 751 796 819 &
814 744 1067 820 sacramentum
1083 749 1168 820 Gal-

182 874 217 948 ,“
236 866 357 939 liamm
383 867 540 940 ostentat.
591 866 695 938 Adeb
719 891 797 955 nos,
824 868 847 938 fi
872 865 1010 940 fortuna
1028 866 1063 939 in
1081 893 1168 964 prae·
1195 943 1197 952 ,

187 985 309 1060 “sens
338 986 516 1084 virtusque
544 986 705 1076 deseruit,
729 986 835 1059 etiam
864 1008 979 1059 vetera
1005 990 1170 1086 exempla

189 1116 215 1175 ‘.‘
234 1107 417 1196 deficiunt,
431 1107 592 1206 quotiens
603 1112 774 1181 Romanae
787 1107 940 1205 legiones
959 1108 1068 1204 perire
1081 1136 1168 1207 prae-
1199 1127 1201 1132 '

190 1236 217 1270 “
236 1228 448 1325 optaverint,
493 1254 536 1300 ne
571 1231 648 1300 loco
682 1228 912 1325 pellerentur?
964 1228 1055 1302 Socii
1083 1229 1169 1328 saepe

191 1350 218 1391 “
237 1349 359 1440 nostri,
383 1347 536 1422 exscindi
553 1351 655 1421 urbes
671 1347 757 1437 suas,
783 1346 885 1446 seque
908 1374 992 1422 cum
1012 1349 1170 1449 conjugi·
1196 1387 1198 1394 .

192 1478 218 1511 “
239 1473 302 1544 bus
318 1496 358 1543 ac
383 1468 498 1542 liberis
516 1468 660 1542 cremari
677 1470 890 1566 pertulerunt
905 1500 915 1556 ;
947 1498 1060 1568 neque
1076 1473 1171 1546 aliud
1204 1545 1206 1549 Α

191 1597 219 1632 “
238 1590 388 1687 pretium
401 1590 530 1680 exitbs,
549 1592 657 1688 quam
676 1591 761 1663 fides
779 1589 952 1688 famaque.
1003 1595 1171 1667 Toletant

191 1719 219 1754 “
240 1713 322 1785 clam
347 1712 502 1785 maxime
530 1711 687 1809 inopiam
715 1711 958 1810 obsidiumque
984 1715 1078 1813 apud
1100 1715 1169 1787 Ve-

191 1839 219 1874 “
237 1854 310 1907 teta
329 1834 498 1932 legiones,
524 1858 588 1908 nec
615 1853 743 1905 terrore
766 1853 824 1905 aut
856 1833 1024 1930 promissis
1048 1837 1168 1909 demo-

191 1962 218 1995 “
238 1976 375 2028 ventur.
424 1953 554 2044 Nobis,
583 1952 682 2050 super
706 1979 801 2026 arma
825 1959 859 2028 ὅτ
877 1955 981 2048 viros,
1013 1949 1047 2030 dt
1072 1982 1170 2055 egre-

191 2083 217 2116 “
236 2075 293 2174 gia
309 2076 501 2150 castrorum
520 2075 752 2164 munimenta,
766 2072 994 2167 frumentum
1014 2080 1047 2148 δι
1073 2104 1172 2150 corn·

190 2205 368 2275 “meatus
395 2197 560 2295 quamvis
593 2199 701 2294 longo
731 2189 961 2292 bellopares.
1020 2197 1173 2270 Pecunia

189 2326 217 2359 “
235 2345 345 2415 nuper
361 2318 466 2391 etiam
485 2317 655 2390 donativo
679 2315 834 2400 suffecit3
855 2317 951 2412 quod
971 2318 1040 2387 five
1056 2314 1172 2388 aVes-
1213 2340 1215 2345 ’

190 2445 216 2480 “
237 2441 388 2535 pallane,
412 2441 482 2511 'five
508 2463 528 2508 a
548 2437 687 2512 Vitellio
711 2428 834 2513 datum
855 2432 1071 2533 interpretari
1098 2461 1171 2509 ma-

191 2566 218 2600 “
238 2557 359 2646 vultis,
383 2560 431 2639 ab
448 2561 659 2655 Imperatore
682 2560 774 2634 cette
793 2562 961 2633 Romano
984 2556 1172 2655 accepistis.

89 2761 94 2768 ¹
194 2684 221 2719 “
240 2679 314 2749 Tot
335 2678 511 2752 bellorum
533 2679 693 2771 vidores,
716 2682 811 2777 apud
836 2679 1054 2769 Geldubam,
1078 2678 1172 2776 apud

193 2804 220 2839 “
239 2798 376 2887 Vetera,
405 2797 478 2872 fuso
501 2798 625 2872 totiens
642 2800 754 2891 hoste,
781 2800 956 2898 stpavetis
972 2798 1095 2890 aciem,
1120 2798 1173 2874 in-

194 2917 390 3015 “dignum
420 2917 456 2991 id
485 2919 652 3016 quidem:
680 2918 738 2993 sed
763 2921 813 2996 est
838 2924 970 2995 vallum
999 2919 1173 3018 murique,

194 3047 221 3084 “
243 3043 277 3115 dc
303 3039 460 3111 trahendi
485 3062 588 3130 atres,
613 3042 727 3115 donec
752 3067 771 3116 e
796 3041 964 3139 proximis
991 3040 1177 3138 provinciis

192 3169 221 3205 “
239 3157 368 3234 auxilia
384 3160 623 3259 exercitusque
638 3182 855 3236 concurrant.
905 3160 993 3234 Sane
1020 3188 1089 3260 ego
1105 3161 1184 3254 dis-³

193 3291 221 3327 “
241 3281 415 3380 pliceam:
448 3278 524 3354 sunt
541 3282 598 3355 alii
623 3267 742 3381 legati,
768 3281 911 3369 tribuni,
941 3278 1097 3356 centurio
1112 3286 1175 3357 de·

194 3412 221 3447 “
240 3403 361 3501 nique,
386 3423 446 3477 aut
463 3403 573 3476 miles.
622 3405 681 3476 Ne
697 3406 765 3476 hoc
789 3400 991 3499 prodigium
1009 3424 1083 3477 toto
1105 3424 1175 3478 ter·

195 3531 223 3566 “
242 3550 354 3598 tarum
370 3526 457 3599 orbe
474 3525 651 3622 vulgetur,
672 3523 773 3596 vobis
790 3520 1004 3611 satellitibus,
1022 3524 1174 3623 Civilem

196 3651 223 3689 “
242 3649 275 3717 δι
293 3647 479 3722 Clafficum
504 3643 637 3718 ltaliam
661 3641 845 3717 invasuros.
897 3651 955 3718 An
971 3648 996 3718 st
1014 3645 1058 3717 ad
1083 3667 1173 3714 rnoe-

197 3772 224 3813 “
243 3764 299 3844 nia
316 3767 422 3843 Urbis
438 3765 607 3842 Germani
621 3764 784 3865 Gallique
800 3766 980 3868 duxerint,
1006 3787 1099 3837 arma
1111 3787 1173 3862 pa·

670 3889 707 3961 U
