2844 4704
319 355 746 479 *Hrsronranurn
780 361 971 450 Ltull.
1100 387 1165 465 147

185 539 392 639 sparguntur
413 564 474 636 per
491 537 621 612 Gallias
638 520 769 627 literae‘3
800 549 1053 637 momentoque
1074 561 1162 615 tem·

116 696 117 700 ¹
185 658 279 758 poris
295 661 466 758 flagrabat
482 659 606 759 ingens
623 661 769 753 bellum,
795 660 941 757 Illyricis
958 660 1168 735 exercitibus

185 781 304 877 palam
320 779 597 871 desciscentibus,
617 780 736 854 ceteris
753 780 928 854 fortunam
945 779 1123 859 secuturis.

233 903 463 976 LXXXVII.
489 903 587 976 Duru
605 903 695 991 haec,
727 927 787 998 per
812 901 1020 998 provincias,
1046 902 1166 974 aVes·

184 1025 322 1120 pasiano
350 1023 567 1122 ducibusque
600 1023 748 1120 partium
783 1044 976 1120 geruntur3
1007 1022 1165 1095 Vitellius

185 1144 420 1240 contemptior
443 1142 569 1217 indies
587 1142 808 1242 segniorque,
821 1144 866 1216 ad
883 1168 1005 1217 omnes
1019 1143 1167 1216 munici-
1226 1206 1230 1216 .

187 1264 328 1360 piorum
360 1264 594 1362 villarumque
621 1263 840 1338 amoenitates
873 1263 1039 1353 resrstens,
1071 1264 1167 1362 gravi

187 1387 327 1456 Urbem
354 1364 505 1483 agmine¹
520 1387 668 1482 petebat.
717 1382 905 1482 Sexaginta
931 1383 1039 1456 millia
1055 1409 1167 1457 arma-

187 1523 304 1585 torum
328 1505 570 1601 sequebantur,
600 1502 738 1577 licentia
761 1523 932 1612 corrupta.
991 1505 1167 1578 Calonum

123 1690 135 1704 ,
185 1649 350 1717 numerus
366 1624 538 1721 amplior;
563 1623 808 1721 procacissimis
826 1624 932 1697 etiam
949 1625 1037 1698 inter
1052 1624 1167 1699 servos

186 1746 337 1819 lixarum
371 1744 543 1843 ingeniis:
581 1766 632 1817 tot
664 1747 861 1844 legatorum
898 1746 1166 1844 amicorumque

186 1858 370 1940 comitatus
393 1864 553 1940 inhabilis
566 1867 620 1939 ad
639 1856 850 1963 parendum,
874 1865 979 1939 etiam
997 1869 1018 1939 fi
1034 1866 1168 1959 summa
1212 1872 1215 1885 ’

187 1985 356 2059 modestia
373 2006 556 2084 regeretur.
605 1987 809 2059 Onerabant
826 1986 1086 2061 multitudinem
1103 1990 1167 2062 ob·

186 2107 236 2180 vii
252 2133 297 2180 ert
313 2109 414 2181 Urbe
436 2105 606 2180 senatores
632 2104 856 2203 equitesque:
885 2107 1030 2205 quidam
1056 2129 1167 2199 metu,

184 2227 285 2301 multi
314 2253 377 2326 per
393 2226 647 2315 adulationem,
675 2226 794 2317 ceteri,
824 2253 864 2300 ac
885 2228 1065 2323 paullatim
1087 2255 1166 2302 om-

184 2374 258 2440 nes,
291 2324 355 2438 ne,
385 2346 459 2420 aliis
493 2345 802 2443 proficiscentibus,
844 2347 905 2443 ipsr
939 2369 1166 2422 remanerent.

184 2471 525 2567 Aggregabanture
554 2467 671 2564 plebe,
705 2466 875 2565 flagitiosa
910 2492 972 2564 per
1003 2468 1168 2567 obsequia

184 2587 325 2661 Vitellio
342 2587 488 2687 cogniti,
514 2585 652 2676 scurrae,
670 2585 860 2678 histriones,
879 2588 1022 2688 auriga,
1041 2590 1167 2687 quibus

185 2706 244 2779 ille
265 2696 495 2781 amicitiarum
520 2706 835 2782 dehonestamentis
860 2709 946 2783 mire
981 2712 1166 2809 gaudebat.

185 2828 266 2900 Nec
285 2826 429 2899 coloniae
448 2826 571 2917 modb,
600 2848 659 2900 aut
684 2823 889 2926 municipia,
917 2831 1083 2929 congestu
1106 2858 1167 2906 co-

186 2946 342 3044 piarum,
362 2944 419 3020 sed
448 2947 509 3045 ipsr
542 2948 704 3038 cultores,
731 2975 899 3047 arvaque,
929 2951 1072 3025 maturis
1090 2951 1167 3052 jam

185 3065 359 3166 frugibus,
378 3089 415 3141 ut
432 3067 553 3149 hostile
570 3067 695 3159 solum,
714 3069 948 3144 vastabantur.

233 3189 477 3264 LXXXVIII.
492 3192 656 3264 Murra
672 3195 707 3263 ,ὅτ
726 3211 857 3264 atroces
867 3191 955 3265 inter
968 3188 1000 3264 se
1017 3192 1173 3269 militum·

182 3311 310 3401 eaedes,
340 3309 419 3408 post
441 3309 642 3383 seditionem
665 3309 783 3383 Ticini
803 3331 978 3408 coeptam;
1006 3335 1168 3387 manente

183 3430 362 3529 legionum
380 3430 662 3528 auxiliorumque
690 3428 883 3516 discordi&
914 3431 976 3506 ubi
1004 3434 1167 3508 adversus

183 3575 337 3648 paganos
368 3552 574 3647 certandum
609 3550 710 3639 soret,
747 3548 920 3624 consensu.
986 3553 1053 3626 Sed
1088 3555 1165 3651 plu-

182 3670 272 3743 rima
288 3672 430 3769 strages,
448 3672 492 3744 ad
510 3669 696 3767 septimum
714 3671 759 3744 ab
775 3672 875 3775 Urbe
892 3671 1069 3768 lapidem:
1101 3675 1164 3742 stn-

185 3792 275 3890 gnlis
298 3792 348 3868 ibi
364 3791 534 3866 militibus
559 3787 720 3861 Vitellius
744 3812 879 3888 paratos
896 3790 1006 3880 cibos,
1036 3809 1073 3863 ut
1091 3791 1163 3887 g'la·

619 3909 702 3981 La
977 3907 980 3915 ‘
1187 3913 1190 3916 ⁴
