2806 4694
335 348 878 435 HrsrournrtrrrLra.
920 353 951 427 Ι.
996 400 998 405 -
1101 384 1144 457 19

164 528 193 572 “
209 517 260 602 ita
288 529 601 624 permanans
625 528 721 606 haud
744 529 1013 626 spernendum·
1067 533 1145 607 Cir-

162 648 384 727 cumsteterat
410 648 551 729 iuterim
577 649 749 755 palatium
766 649 906 747 publica
922 648 1147 748 exspesiatio,

162 768 284 868 magni
311 768 430 847 secreti
458 769 658 868 impatiens,
693 775 726 850 δι
754 771 845 844 mal&
876 762 1066 849 co'e'rcitam
1094 772 1146 847 fa:

140 915 260 995 ¹unam
283 889 536 989 supprimentes
560 893 749 989 augebantb

218 1013 368 1088 XVlll.>
389 1015 600 1110 Qrarrrunt
642 1013 726 1087 Idus
768 1008 966 1107 Januarias,
1008 1008 1148 1092 foedun

162 1129 337 1208 imbribus
353 1132 466 1224 diem,
491 1132 657 1221 tonitrua,
687 1138 721 1206 ἃ
750 1131 904 1231 fulgura,
933 1134 967 1207 δι
995 1134 1146 1213 calestra

163 1253 270 1331 minae
287 1254 378 1329 ultra
392 1251 547 1342 solitum,
572 1254 804 1332 turbaverant·
853 1251 1082 1328 Observatum
1108 1254 1147 1329 id

162 1372 362 1470 antiquitus
389 1370 536 1451 comitiis
561 1371 778 1464 dirimendis,
807 1395 879 1451 non
908 1373 1027 1447 terruit
1060 1374 1146 1449 Gal·

162 1490 251 1570 bam
282 1493 468 1590 quominus
483 1492 520 1569 in
538 1492 643 1570 castra
660 1512 833 1592 pergeret,
865 1514 1147 1591 contemptorem

161 1614 303 1704 talium,
338 1630 378 1688 ut
402 1612 647 1701 fortuitorumr
678 1613 750 1705 seu,
781 1641 860 1713 quae
885 1613 960 1689 sato
988 1610 1146 1706 manent,

161 1733 324 1833 quamvis
354 1733 556 1832 significata,
587 1761 659 1813 nou
690 1733 892 1813 vitarentur.
944 1738 1055 1834 Apud
1076 1734 1144 1811 fre·

162 1876 330 1955 quentem
358 1854 513 1934 militum
535 1854 760 1946 concionem,
783 1851 1010 1954 Imperatoris
1031 1855 1148 1935 brevi·
1173 1908 1177 1921 ·

161 1996 247 2067 tate,
280 1984 308 2019 ‘⁶
325 1975 482 2074 adoptari
511 2003 531 2055 a
557 1967 591 2055 se
619 1975 795 2069 Pisonem,
826 1998 925 2055 more
958 1977 1033 2052 divi
1066 1981 1144 2054 Au»

163 2104 194 2159 -“
211 2097 315 2197 gusti,
345 2099 564 2195 &exemplo
581 2097 733 2188 militari,
750 2118 821 2196 quo
838 2098 892 2173 vir
909 2097 1025 2176 virum
1049 2098 1144 2197 leges

163 2228 191 2265 “
210 2215 301 2310 ret,''
330 2208 544 2315 pronuntiat.
595 2223 652 2293 Ac
674 2244 718 2293 ne
740 2205 948 2296 dissimulata
969 2210 1091 2296 seditio
1108 2218 1146 2296 in

161 2339 273 2439 majus
287 2341 500 2431 crederetur,
529 2337 623 2417 ultro
653 2338 843 2432 adseverat,
880 2347 1079 2437 “quartam
1109 2344 1143 2416 bt

163 2470 192 2520 »“
211 2462 518 2538 duoetvicrfimam
536 2458 707 2558 legiones,
734 2460 849 2558 patuis
866 2459 1042 2537 seditionis
1059 2483 1141 2540 auc·

161 2585 193 2638 -“
211 2583 359 2672 toribus,
388 2609 461 2657 non
491 2581 583 2657 ultra
608 2584 714 2658 verba
741 2607 781 2656 ac
810 2597 914 2657 voces
940 2582 1076 2670 errasse,
1106 2585 1142 2656 ὅτ

138 2711 191 2748 ’“
209 2704 309 2781 brevi
327 2704 363 2778 in
378 2695 494 2779 officio
510 2699 618 2779 fore.’'
668 2704 747 2778 Nec
776 2703 892 2777 ullum
914 2700 1060 2777 orationi
1086 2718 1146 2779 aut

162 2823 378 2897 lenocinium
409 2823 520 2914 addit,
547 2843 607 2900 aut
638 2821 801 2920 pretium.
850 2820 1005 2899 Tribuni
1024 2843 1143 2897 tamen
1247 2877 1249 2881 ν

158 2928 466 3039 centurionesque,
486 2945 520 3019 δι
537 2941 687 3040 proximi
704 2940 871 3030 militum,
897 2961 995 3039 grata
1022 2941 1164 3023 auditu·

156 3062 396 3162 respondent:
430 3067 489 3160 pe‘r
520 3083 650 3139 ceteros
683 3060 844 3138 maestitia
877 3079 917 3139 ac
952 3063 1141 3153 utentium,

158 3201 343 3282 tamquam
364 3171 561 3282 usurpatam
590 3184 695 3259 etiarn
722 3181 759 3259 in
785 3208 872 3280 pace
898 3178 1056 3256 donativi
1080 3207 1141 3258 ne-

52 3372 55 3379 .
157 3305 358 3395 cessitatem,
393 3300 487 3377 bello
518 3303 755 3403 perdidissent.
816 3301 960 3377 Constat
993 3302 1142 3399 potuisse

156 3425 336 3499 muciliari
364 3423 501 3500 animos
530 3425 854 3523 quantumcumque
876 3422 971 3522 parci
990 3421 1076 3498 senis
1100 3422 1140 3495 li·

157 3545 346 3620 beralitate.
395 3543 534 3620 Nocuit
561 3545 724 3643 antiquus
754 3543 864 3642 rigor,
888 3548 923 3619 bt
950 3543 1059 3619 nimia
1090 3541 1141 3618 se·

157 3664 310 3753 veritam
340 3665 398 3744 cui
415 3664 492 3766 jam
517 3690 616 3766 pares
640 3691 713 3740 non
737 3663 866 3741 sumus.

625 3785 656 3857 C
680 3809 700 3860 a
