2806 4694
264 363 308 447 70
432 337 810 417 ccomm
847 343 1056 418 Tscrrt

263 528 291 563 “
309 516 477 592 exercitos
493 520 619 592 habet:
650 516 780 593 senatus
796 517 976 593 nobiscum
993 517 1054 591 est.
1103 514 1158 590 Sic
1176 517 1234 606 fit,

262 646 290 682 “
309 659 346 710 ut
371 636 453 708 hinc
472 636 686 734 respublica,
701 639 783 711 inde
806 638 920 711 hostes
936 636 1132 736 reipublicae
1149 656 1232 709 con-

261 765 289 801 “
306 757 458 828 stiterint.
508 757 629 854 Qrid?
663 785 725 831 vos
750 759 1017 856 pulcherrimam
1044 759 1133 830 hanc
1162 758 1231 828 Ur-

261 886 287 919 “
307 880 402 965 bern,
432 876 647 950 domibus&
675 877 786 967 tedis,
815 885 848 951 ὃ(
872 878 1036 976 congestu
1062 876 1233 974 lapidum,

259 997 390 1069 “stare
419 995 583 1069 creditis?
635 1000 739 1070 Muta
766 998 887 1072 ista&
915 998 1069 1072 inanima
1094 993 1234 1069 interci-

260 1122 290 1159 “
307 1116 404 1205 dere,
422 1141 462 1188 ac
480 1115 628 1213 reparari
647 1115 840 1212 promiscua
863 1117 961 1191 sunt:
990 1116 1156 1191 aeternitas
1180 1139 1233 1186 re·
1260 1108 1262 1114 ’

260 1244 288 1281 “
307 1263 398 1324 rurn,
424 1240 457 1307 ὃ(
477 1261 545 1332 pax
564 1235 736 1333 gentium,
755 1241 789 1309 δι
807 1262 885 1309 mea
900 1263 982 1310 cum
1000 1237 1112 1310 vestri
1132 1234 1233 1324 salus,

242 1347 287 1400 '“
306 1356 543 1430 incolumitate
574 1356 708 1428 senatbs
741 1358 910 1429 firmatur.
977 1359 1088 1430 Hunc
1126 1353 1235 1451 auspi·

206 1490 208 1495 ⁴
261 1484 290 1518 ‘⁴
309 1475 422 1549 corda
446 1498 584 1573 parente
609 1481 642 1548 ὅτ
667 1476 848 1549 conditore
865 1477 974 1551 Urbis
998 1474 1238 1550 nostrae'insti·

262 1604 290 1639 “
309 1616 439 1686 tutum,
456 1580 498 1668 ‘u
524 1623 544 1669 a
565 1595 703 1694 regibus
728 1596 834 1694 usque
861 1598 906 1669 ad
930 1596 1107 1692 Principes
1126 1595 1237 1667 conti·

171 1696 174 1701 ¹
261 1724 289 1760 “
307 1692 432 1807 titium,
464 1721 496 1789 ἃ
516 1716 765 1805 immortalem,
793 1720 877 1790 ficut
892 1742 912 1790 a
930 1713 1113 1813 majoribus
1137 1735 1236 1788 acce-

261 1844 290 1879 “
309 1836 435 1933 pimus,
460 1839 502 1909 fic
524 1835 673 1935 posteris
689 1838 877 1909 tradamus.
927 1837 1024 1908 Nam
1040 1853 1080 1905 ut
1106 1859 1150 1906 ex
1173 1860 1236 1907 vo-

262 1965 289 1998 “
311 1956 362 2030 bis
391 1955 571 2044 senatores,
598 1954 646 2027 ita
663 1980 708 2028 ex
730 1954 944 2029 senatoribus
960 1953 1139 2052 Principes
1161 1952 1237 2027 'nas-

262 2084 290 2119 “
309 2078 468 2149 cunturss’
1099 2124 1114 2142 s

138 2186 142 2202 '
221 2226 225 2234 ·
306 2197 496 2272 LXXXV.
525 2200 585 2269 En
618 2197 730 2270 oratio
757 2196 801 2270 ad
835 2195 1116 2294 perstringendos
1143 2196 1236 2267 mul·
1340 2296 1342 2299 1
1385 2214 1388 2219 “

259 2315 456 2413 cendosque
483 2304 637 2389 militum
665 2317 813 2407 animos,
844 2321 876 2389 δι
905 2313 1086 2389 severitatis
1112 2315 1240 2415 modus
1342 2300 1344 2302 ,

196 2509 200 2519 ,
264 2436 506 2535 (nequeenim
525 2436 559 2508 in
579 2438 705 2532 plures,
725 2438 832 2534 quini
855 2436 890 2508 in
908 2436 997 2507 duos
1012 2432 1239 2507 animadverti

193 2547 195 2552 ’
250 2555 412 2655 jusserat)
440 2556 537 2653 grate
561 2577 718 2652 accepta,
746 2555 995 2652 compositique
1011 2554 1056 2625 ad
1079 2551 1238 2648 praesens,

262 2676 323 2770 qui
357 2675 509 2748 co'e‘rceri
543 2701 613 2748 non
649 2695 818 2770 poterant.
881 2676 966 2746 Non
992 2695 1111 2746 tamen
1139 2673 1240 2770 quies

198 2822 200 2827 ·
261 2792 372 2866 Urbis
398 2789 561 2868 redierat:
593 2795 749 2891 strepitus
775 2795 1000 2884 telorum,⁷&
1029 2792 1133 2866 facies
1157 2794 1241 2867 belli

260 2931 354 2984 erat:
382 2912 562 3004 militibus,
582 2935 620 2988 ut
645 2913 730 2987 nihil
746 2914 782 2987 in
799 2939 986 2988 commune
1007 2913 1239 3001 turbantibus,

191 3060 193 3065 ’
261 3030 310 3102 ita
325 3031 440 3128 sparsis
459 3060 520 3135 per
535 3035 675 3125 domos,
706 3037 845 3109 occulto
868 3035 1002 3124 habitu,
1033 3038 1067 3106 ἃ
1086 3033 1239 3131 maligni

152 3226 153 3231 ,
262 3155 345 3224 curis
361 3151 397 3223 in
414 3178 548 3243 omnes,
572 3181 660 3252 quos
686 3154 861 3245 nobilitas,
891 3175 949 3228 aut
971 3179 1068 3251 opes,
1098 3174 1157 3227 aut
1173 3152 1237 3224 ali·

261 3294 331 3364 qua
358 3269 497 3369 infignis
522 3273 694 3346 claritudo
717 3274 916 3353 rumoribus
943 3272 1124 3372 objecerat.
1174 3274 1237 3345 Vi·

259 3386 417 3487 tellianos
434 3416 576 3487 quoque
589 3391 716 3465 milites
732 3393 861 3467 venisse
884 3394 920 3466 in
939 3396 1092 3494 Urbem,
1109 3395 1153 3466 ad
1168 3393 1239 3466 stu·

261 3504 321 3578 dia
334 3507 483 3602 partium
502 3508 686 3600 noscenda,
710 3513 865 3610 plerique
882 3516 1081 3587 credebant.
1131 3513 1241 3586 Unde

256 3626 502 3724 ,plenaomnia
523 3626 772 3725 suspicionum,
791 3637 825 3705 δι
844 3632 905 3704 vix
921 3632 1048 3706 secreta
1064 3634 1240 3706 domuum

241 3748 331 3834 ‚gfine
365 3743 567 3853 formidine:
611 3745 669 3820 sed
702 3750 892 3847 plurimum
925 3752 1163 3850 trepidationis
1202 3750 1239 3824 in
