<?xml version="1.0" encoding="UTF-8"?>
<!DOCTYPE html PUBLIC "-//W3C//DTD XHTML 1.0 Transitional//EN"
    "http://www.w3.org/TR/xhtml1/DTD/xhtml1-transitional.dtd">
<html xmlns="http://www.w3.org/1999/xhtml" xml:lang="en" lang="en">
 <head>
  <title>
</title>
<meta http-equiv="Content-Type" content="text/html;charset=utf-8" />
  <meta name='ocr-system' content='tesseract 3.04.00' />
  <meta name='ocr-capabilities' content='ocr_page ocr_carea ocr_par ocr_line ocrx_word'/>
</head>
<body>
  <div class='ocr_page' id='page_1' title='image "./ccorneliitaciti01freigoog_0230.png"; bbox 0 0 2820 4694; ppageno 0'>
   <div class='ocr_carea' id='block_1_1' title="bbox 368 292 1184 447">
    <p class='ocr_par' dir='ltr' id='par_1_1' title="bbox 368 292 1184 447">
     <span class='ocr_line' id='line_1_1' title="bbox 368 292 1184 447; baseline 0.017 -50"><span class='ocrx_word' id='word_1_1' title='bbox 368 292 761 411; x_wconf 65' lang='lat' dir='ltr'>Histonrnauu</span> <span class='ocrx_word' id='word_1_2' title='bbox 794 330 904 404; x_wconf 82' lang='lat' dir='ltr'>Lra.</span> <span class='ocrx_word' id='word_1_3' title='bbox 938 329 1004 407; x_wconf 89' lang='lat'>111.</span> <span class='ocrx_word' id='word_1_4' title='bbox 1113 357 1184 447; x_wconf 56' lang='lat'>325</span> 
     </span>
    </p>
   </div>
   <div class='ocr_carea' id='block_1_2' title="bbox 193 500 1285 1698">
    <p class='ocr_par' dir='ltr' id='par_1_2' title="bbox 193 500 1285 1698">
     <span class='ocr_line' id='line_1_2' title="bbox 195 500 1181 585; baseline 0.005 -6"><span class='ocrx_word' id='word_1_5' title='bbox 195 500 340 579; x_wconf 84' lang='lat' dir='ltr'>crintine</span> <span class='ocrx_word' id='word_1_6' title='bbox 351 501 526 578; x_wconf 80' lang='lat' dir='ltr'>Vitelliani</span> <span class='ocrx_word' id='word_1_7' title='bbox 553 505 786 580; x_wconf 82' lang='lat' dir='ltr'>trucidabant.</span> <span class='ocrx_word' id='word_1_8' title='bbox 835 509 903 583; x_wconf 86' lang='lat' dir='ltr'>Sex</span> <span class='ocrx_word' id='word_1_9' title='bbox 929 508 1109 585; x_wconf 79' lang='lat' dir='ltr'>liburnica</span> <span class='ocrx_word' id='word_1_10' title='bbox 1128 511 1181 584; x_wconf 88' lang='lat' dir='ltr'>in-</span> 
     </span>
     <span class='ocr_line' id='line_1_3' title="bbox 195 625 1181 728; baseline 0.009 -30"><span class='ocrx_word' id='word_1_11' title='bbox 195 625 261 699; x_wconf 87' lang='lat' dir='ltr'>ter</span> <span class='ocrx_word' id='word_1_12' title='bbox 274 625 427 724; x_wconf 89' lang='lat' dir='ltr'>primum</span> <span class='ocrx_word' id='word_1_13' title='bbox 445 629 640 703; x_wconf 89' lang='lat' dir='ltr'>tumultum</span> <span class='ocrx_word' id='word_1_14' title='bbox 657 630 810 719; x_wconf 65' lang='lat' dir='ltr'>evasere,</span> <span class='ocrx_word' id='word_1_15' title='bbox 837 628 873 703; x_wconf 92' lang='lat' dir='ltr'>in</span> <span class='ocrx_word' id='word_1_16' title='bbox 897 631 978 727; x_wconf 82' lang='lat' dir='ltr'>quis</span> <span class='ocrx_word' id='word_1_17' title='bbox 999 630 1181 728; x_wconf 76' lang='lat' dir='ltr'>praefeaus</span> 
     </span>
     <span class='ocr_line' id='line_1_4' title="bbox 195 747 1285 849; baseline 0.005 -29"><span class='ocrx_word' id='word_1_18' title='bbox 195 747 305 821; x_wconf 80' lang='lat' dir='ltr'>claffi&#39;s</span> <span class='ocrx_word' id='word_1_19' title='bbox 332 747 574 846; x_wconf 86' lang='lat' dir='ltr'><strong>Apollinaris:</strong></span> <span class='ocrx_word' id='word_1_20' title='bbox 601 749 744 847; x_wconf 86' lang='lat' dir='ltr'>reliquae</span> <span class='ocrx_word' id='word_1_21' title='bbox 771 749 808 823; x_wconf 91' lang='lat' dir='ltr'>in</span> <span class='ocrx_word' id='word_1_22' title='bbox 836 750 936 823; x_wconf 89' lang='lat' dir='ltr'>litore</span> <span class='ocrx_word' id='word_1_23' title='bbox 964 771 1088 849; x_wconf 84' lang='lat' dir='ltr'>captae,</span> <span class='ocrx_word' id='word_1_24' title='bbox 1121 771 1182 826; x_wconf 86' lang='lat' dir='ltr'>aut</span> <span class='ocrx_word' id='word_1_25' title='bbox 1283 785 1285 791; x_wconf 38' lang='lat' dir='ltr'>s</span> 
     </span>
     <span class='ocr_line' id='line_1_5' title="bbox 195 867 1182 968; baseline 0.005 -26"><span class='ocrx_word' id='word_1_26' title='bbox 195 867 308 943; x_wconf 90' lang='lat' dir='ltr'>nimio</span> <span class='ocrx_word' id='word_1_27' title='bbox 325 869 502 952; x_wconf 84' lang='lat' dir='ltr'>ruentium</span> <span class='ocrx_word' id='word_1_28' title='bbox 514 891 618 943; x_wconf 89' lang='lat' dir='ltr'>onere</span> <span class='ocrx_word' id='word_1_29' title='bbox 632 872 757 968; x_wconf 78' lang='lat' dir='ltr'>pretias</span> <span class='ocrx_word' id='word_1_30' title='bbox 769 896 863 946; x_wconf 86' lang='lat' dir='ltr'>mare</span> <span class='ocrx_word' id='word_1_31' title='bbox 875 873 995 945; x_wconf 75' lang='lat' dir='ltr'>hausit.</span> <span class='ocrx_word' id='word_1_32' title='bbox 1025 872 1182 967; x_wconf 74' lang='lat' dir='ltr'>julianus</span> 
     </span>
     <span class='ocr_line' id='line_1_6' title="bbox 193 991 1179 1089; baseline 0.002 -24"><span class='ocrx_word' id='word_1_33' title='bbox 193 991 239 1065; x_wconf 85' lang='lat' dir='ltr'>ad</span> <span class='ocrx_word' id='word_1_34' title='bbox 254 993 302 1064; x_wconf 98' lang='lat' dir='ltr'>L.</span> <span class='ocrx_word' id='word_1_35' title='bbox 318 991 502 1064; x_wconf 66' lang='lat' dir='ltr'>Vitellium</span> <span class='ocrx_word' id='word_1_36' title='bbox 524 991 724 1089; x_wconf 66' lang='lat' dir='ltr'>perductus,</span> <span class='ocrx_word' id='word_1_37' title='bbox 748 991 998 1066; x_wconf 81' lang='lat' dir='ltr'>&amp;verberibus</span> <span class='ocrx_word' id='word_1_38' title='bbox 1015 992 1179 1085; x_wconf 85' lang='lat' dir='ltr'>foedatus,</span> 
     </span>
     <span class='ocr_line' id='line_1_7' title="bbox 195 1107 1181 1211; baseline 0.004 -27"><span class='ocrx_word' id='word_1_39' title='bbox 195 1110 232 1184; x_wconf 93' lang='lat' dir='ltr'>in</span> <span class='ocrx_word' id='word_1_40' title='bbox 246 1137 306 1184; x_wconf 87' lang='lat' dir='ltr'>ore</span> <span class='ocrx_word' id='word_1_41' title='bbox 324 1107 396 1208; x_wconf 88' lang='lat' dir='ltr'>ejus</span> <span class='ocrx_word' id='word_1_42' title='bbox 406 1110 601 1210; x_wconf 86' lang='lat' dir='ltr'>jugulatur.</span> <span class='ocrx_word' id='word_1_43' title='bbox 652 1113 780 1202; x_wconf 61' lang='lat' dir='ltr'>Fuere,</span> <span class='ocrx_word' id='word_1_44' title='bbox 807 1114 868 1211; x_wconf 93' lang='lat' dir='ltr'>qui</span> <span class='ocrx_word' id='word_1_45' title='bbox 887 1138 1035 1186; x_wconf 86' lang='lat' dir='ltr'>uxorem</span> <span class='ocrx_word' id='word_1_46' title='bbox 1059 1117 1106 1188; x_wconf 91' lang='lat' dir='ltr'>L.</span> <span class='ocrx_word' id='word_1_47' title='bbox 1119 1116 1181 1188; x_wconf 91' lang='lat' dir='ltr'>Vi·</span> 
     </span>
     <span class='ocr_line' id='line_1_8' title="bbox 195 1232 1231 1333; baseline 0.004 -28"><span class='ocrx_word' id='word_1_48' title='bbox 195 1232 283 1306; x_wconf 82' lang='lat' dir='ltr'>tellii</span> <span class='ocrx_word' id='word_1_49' title='bbox 296 1233 471 1306; x_wconf 78' lang='lat' dir='ltr'>Triariam</span> <span class='ocrx_word' id='word_1_50' title='bbox 488 1232 704 1323; x_wconf 76' lang='lat' dir='ltr'>incesserent,</span> <span class='ocrx_word' id='word_1_51' title='bbox 729 1253 911 1331; x_wconf 85' lang='lat' dir='ltr'>tamquam</span> <span class='ocrx_word' id='word_1_52' title='bbox 931 1242 958 1277; x_wconf 91' lang='lat'><strong>“</strong></span> <span class='ocrx_word' id='word_1_53' title='bbox 978 1235 1095 1333; x_wconf 85' lang='lat' dir='ltr'>gladio</span> <span class='ocrx_word' id='word_1_54' title='bbox 1115 1235 1183 1308; x_wconf 58' lang='lat' dir='ltr'>mi«</span> <span class='ocrx_word' id='word_1_55' title='bbox 1229 1304 1231 1309; x_wconf 87' lang='lat'><strong>.</strong></span> 
     </span>
     <span class='ocr_line' id='line_1_9' title="bbox 197 1352 1181 1453; baseline 0.005 -29"><span class='ocrx_word' id='word_1_56' title='bbox 197 1358 227 1406; x_wconf 65' lang='lat' dir='ltr'>I‘</span> <span class='ocrx_word' id='word_1_57' title='bbox 246 1352 342 1424; x_wconf 70' lang='lat' dir='ltr'>litari=</span> <span class='ocrx_word' id='word_1_58' title='bbox 360 1352 486 1443; x_wconf 70' lang='lat' dir='ltr'>cincta,</span> <span class='ocrx_word' id='word_1_59' title='bbox 513 1352 599 1426; x_wconf 84' lang='lat' dir='ltr'>inter</span> <span class='ocrx_word' id='word_1_60' title='bbox 617 1355 752 1427; x_wconf 71' lang='lat' dir='ltr'>luctum</span> <span class='ocrx_word' id='word_1_61' title='bbox 769 1354 951 1452; x_wconf 83' lang='lat' dir='ltr'>cladesque</span> <span class='ocrx_word' id='word_1_62' title='bbox 971 1376 1181 1453; x_wconf 80' lang='lat' dir='ltr'>expugnata</span> 
     </span>
     <span class='ocr_line' id='line_1_10' title="bbox 197 1472 1178 1573; baseline 0.005 -28"><span class='ocrx_word' id='word_1_63' title='bbox 197 1480 226 1525; x_wconf 80' lang='lat'>·“</span> <span class='ocrx_word' id='word_1_64' title='bbox 243 1473 454 1564; x_wconf 72' lang='lat' dir='ltr'>Tarracina,</span> <span class='ocrx_word' id='word_1_65' title='bbox 473 1472 620 1572; x_wconf 60' lang='lat' dir='ltr'>superb&amp;</span> <span class='ocrx_word' id='word_1_66' title='bbox 635 1472 794 1573; x_wconf 72' lang='lat' dir='ltr'>saeveque</span> <span class='ocrx_word' id='word_1_67' title='bbox 810 1474 968 1573; x_wconf 84' lang='lat' dir='ltr'>egiffet.”</span> <span class='ocrx_word' id='word_1_68' title='bbox 1009 1474 1086 1573; x_wconf 89' lang='lat' dir='ltr'>lpse</span> <span class='ocrx_word' id='word_1_69' title='bbox 1104 1477 1178 1550; x_wconf 88' lang='lat' dir='ltr'>lau·</span> 
     </span>
     <span class='ocr_line' id='line_1_11' title="bbox 195 1578 1181 1698; baseline 0.002 -30"><span class='ocrx_word' id='word_1_70' title='bbox 195 1619 290 1668; x_wconf 85' lang='lat' dir='ltr'>ream</span> <span class='ocrx_word' id='word_1_71' title='bbox 319 1595 422 1693; x_wconf 73' lang='lat' dir='ltr'>gesta</span> <span class='ocrx_word' id='word_1_72' title='bbox 438 1594 598 1698; x_wconf 71' lang='lat' dir='ltr'>prospere</span> <span class='ocrx_word' id='word_1_73' title='bbox 633 1595 683 1669; x_wconf 91' lang='lat' dir='ltr'>rei</span> <span class='ocrx_word' id='word_1_74' title='bbox 710 1595 927 1668; x_wconf 86' lang='lat' dir='ltr'>ad&#39;fratrem</span> <span class='ocrx_word' id='word_1_75' title='bbox 953 1595 1069 1670; x_wconf 80' lang='lat' dir='ltr'>misit:</span> <span class='ocrx_word' id='word_1_76' title='bbox 1102 1578 1181 1694; x_wconf 67' lang='lat' dir='ltr'>per·v</span> 
     </span>
    </p>
   </div>
   <div class='ocr_carea' id='block_1_3' title="bbox 194 1713 1295 1818">
    <p class='ocr_par' dir='ltr' id='par_1_3' title="bbox 194 1713 1295 1818">
     <span class='ocr_line' id='line_1_12' title="bbox 194 1713 1295 1818; baseline 0.003 -29"><span class='ocrx_word' id='word_1_77' title='bbox 194 1719 389 1806; x_wconf 69' lang='lat' dir='ltr'>cunctatus,</span> <span class='ocrx_word' id='word_1_78' title='bbox 421 1724 448 1785; x_wconf 72' lang='lat'>,“</span> <span class='ocrx_word' id='word_1_79' title='bbox 466 1717 583 1799; x_wconf 83' lang='lat' dir='ltr'>statim</span> <span class='ocrx_word' id='word_1_80' title='bbox 610 1717 747 1816; x_wconf 85' lang='lat' dir='ltr'>regredi</span> <span class='ocrx_word' id='word_1_81' title='bbox 775 1713 823 1807; x_wconf 87' lang='lat' dir='ltr'>se,</span> <span class='ocrx_word' id='word_1_82' title='bbox 858 1742 902 1818; x_wconf 89' lang='lat' dir='ltr'>an</span> <span class='ocrx_word' id='word_1_83' title='bbox 930 1718 1199 1813; x_wconf 73' lang='lat' dir='ltr'>perdomandae,</span> <span class='ocrx_word' id='word_1_84' title='bbox 1293 1794 1295 1797; x_wconf 70' lang='grc'><strong>,</strong></span> 
     </span>
    </p>
   </div>
   <div class='ocr_carea' id='block_1_4' title="bbox 191 1834 1259 2421">
    <p class='ocr_par' dir='ltr' id='par_1_4' title="bbox 191 1834 1259 2421">
     <span class='ocr_line' id='line_1_13' title="bbox 194 1834 1180 1940; baseline 0.005 -31"><span class='ocrx_word' id='word_1_85' title='bbox 194 1837 444 1934; x_wconf 78' lang='lat' dir='ltr'>“Campania</span> <span class='ocrx_word' id='word_1_86' title='bbox 477 1837 627 1911; x_wconf 81' lang='lat' dir='ltr'>insistere</span> <span class='ocrx_word' id='word_1_87' title='bbox 652 1837 829 1940; x_wconf 55' lang='lat' dir='ltr'>juberet?</span> <span class='ocrx_word' id='word_1_88' title='bbox 890 1839 1001 1935; x_wconf 79' lang='lat' dir='ltr'>and</span> <span class='ocrx_word' id='word_1_89' title='bbox 1033 1834 1180 1914; x_wconf 84' lang='lat' dir='ltr'>salutate</span> 
     </span>
     <span class='ocr_line' id='line_1_14' title="bbox 193 1956 1176 2057; baseline 0.002 -27"><span class='ocrx_word' id='word_1_90' title='bbox 193 1982 267 2030; x_wconf 92' lang='lat' dir='ltr'>non</span> <span class='ocrx_word' id='word_1_91' title='bbox 285 1959 395 2031; x_wconf 74' lang='lat' dir='ltr'>modi&gt;</span> <span class='ocrx_word' id='word_1_92' title='bbox 412 1959 566 2057; x_wconf 84' lang='lat' dir='ltr'>partibus</span> <span class='ocrx_word' id='word_1_93' title='bbox 579 1956 788 2056; x_wconf 73' lang='lat' dir='ltr'>Vespasiani,</span> <span class='ocrx_word' id='word_1_94' title='bbox 805 1956 864 2031; x_wconf 87' lang='lat' dir='ltr'>sed</span> <span class='ocrx_word' id='word_1_95' title='bbox 878 1958 1075 2055; x_wconf 86' lang='lat' dir='ltr'>reipublicae</span> <span class='ocrx_word' id='word_1_96' title='bbox 1089 1957 1176 2032; x_wconf 75' lang='lat' dir='ltr'>faita</span> 
     </span>
     <span class='ocr_line' id='line_1_15' title="bbox 194 2077 1178 2177; baseline -0.001 -25"><span class='ocrx_word' id='word_1_97' title='bbox 194 2103 276 2152; x_wconf 87' lang='lat' dir='ltr'>nam</span> <span class='ocrx_word' id='word_1_98' title='bbox 294 2083 316 2154; x_wconf 85' lang='lat' dir='ltr'>fi</span> <span class='ocrx_word' id='word_1_99' title='bbox 335 2105 451 2154; x_wconf 88' lang='lat' dir='ltr'>recens</span> <span class='ocrx_word' id='word_1_100' title='bbox 467 2079 613 2154; x_wconf 66' lang='lat' dir='ltr'>victoria</span> <span class='ocrx_word' id='word_1_101' title='bbox 630 2079 744 2172; x_wconf 83' lang='lat' dir='ltr'>miles,</span> <span class='ocrx_word' id='word_1_102' title='bbox 764 2084 813 2170; x_wconf 70' lang='lat' dir='ltr'>a,</span> <span class='ocrx_word' id='word_1_103' title='bbox 829 2077 930 2177; x_wconf 88' lang='lat' dir='ltr'>super</span> <span class='ocrx_word' id='word_1_104' title='bbox 946 2078 1082 2153; x_wconf 84' lang='lat' dir='ltr'>inlitam</span> <span class='ocrx_word' id='word_1_105' title='bbox 1101 2104 1178 2177; x_wconf 89' lang='lat' dir='ltr'>per·</span> 
     </span>
     <span class='ocr_line' id='line_1_16' title="bbox 191 2187 1178 2293; baseline 0.002 -20"><span class='ocrx_word' id='word_1_106' title='bbox 191 2197 375 2292; x_wconf 77' lang='lat' dir='ltr'>vicaciam,</span> <span class='ocrx_word' id='word_1_107' title='bbox 410 2199 567 2276; x_wconf 85' lang='lat' dir='ltr'>secundis</span> <span class='ocrx_word' id='word_1_108' title='bbox 600 2187 715 2291; x_wconf 85' lang='lat' dir='ltr'>ferox,</span> <span class='ocrx_word' id='word_1_109' title='bbox 752 2204 909 2275; x_wconf 82' lang='lat' dir='ltr'>Romam</span> <span class='ocrx_word' id='word_1_110' title='bbox 936 2200 1178 2293; x_wconf 83' lang='lat' dir='ltr'>contendiffet,</span> 
     </span>
     <span class='ocr_line' id='line_1_17' title="bbox 192 2319 1259 2421; baseline 0.004 -27"><span class='ocrx_word' id='word_1_111' title='bbox 192 2323 287 2396; x_wconf 91' lang='lat' dir='ltr'>haud</span> <span class='ocrx_word' id='word_1_112' title='bbox 312 2325 417 2421; x_wconf 68' lang='lat' dir='ltr'>parva</span> <span class='ocrx_word' id='word_1_113' title='bbox 434 2320 539 2395; x_wconf 78' lang='lat' dir='ltr'>&#39;mole</span> <span class='ocrx_word' id='word_1_114' title='bbox 555 2342 738 2411; x_wconf 88' lang='lat' dir='ltr'>certatum,</span> <span class='ocrx_word' id='word_1_115' title='bbox 765 2346 829 2395; x_wconf 90' lang='lat' dir='ltr'>nec</span> <span class='ocrx_word' id='word_1_116' title='bbox 853 2324 923 2394; x_wconf 90' lang='lat' dir='ltr'>fine</span> <span class='ocrx_word' id='word_1_117' title='bbox 945 2319 1053 2417; x_wconf 87' lang='lat' dir='ltr'>exitio</span> <span class='ocrx_word' id='word_1_118' title='bbox 1070 2321 1179 2397; x_wconf 89' lang='lat' dir='ltr'>Urbis</span> <span class='ocrx_word' id='word_1_119' title='bbox 1255 2345 1259 2349; x_wconf 78' lang='grc'>’</span> 
     </span>
    </p>
   </div>
   <div class='ocr_carea' id='block_1_5' title="bbox 192 2438 1291 2541">
    <p class='ocr_par' dir='ltr' id='par_1_5' title="bbox 192 2438 1291 2541">
     <span class='ocr_line' id='line_1_18' title="bbox 192 2438 1291 2541; baseline -0.001 -27"><span class='ocrx_word' id='word_1_120' title='bbox 192 2441 305 2516; x_wconf 77' lang='lat' dir='ltr'>foret:</span> <span class='ocrx_word' id='word_1_121' title='bbox 333 2443 469 2541; x_wconf 86' lang='lat' dir='ltr'>quippe</span> <span class='ocrx_word' id='word_1_122' title='bbox 486 2444 532 2515; x_wconf 88' lang='lat' dir='ltr'>L.</span> <span class='ocrx_word' id='word_1_123' title='bbox 546 2442 704 2533; x_wconf 87' lang='lat' dir='ltr'>Vitellio,</span> <span class='ocrx_word' id='word_1_124' title='bbox 731 2440 893 2540; x_wconf 88' lang='lat' dir='ltr'>quamvis</span> <span class='ocrx_word' id='word_1_125' title='bbox 909 2438 1045 2530; x_wconf 85' lang='lat' dir='ltr'>infami,</span> <span class='ocrx_word' id='word_1_126' title='bbox 1069 2441 1179 2514; x_wconf 91' lang='lat' dir='ltr'>inerat</span> <span class='ocrx_word' id='word_1_127' title='bbox 1215 2483 1216 2486; x_wconf 18' lang='grc' dir='ltr'>π</span> <span class='ocrx_word' id='word_1_128' title='bbox 1287 2447 1291 2452; x_wconf 81' lang='grc'><strong>’</strong></span> 
     </span>
    </p>
   </div>
   <div class='ocr_carea' id='block_1_6' title="bbox 164 2561 1179 3870">
    <p class='ocr_par' dir='ltr' id='par_1_6' title="bbox 191 2561 1178 2783">
     <span class='ocr_line' id='line_1_19' title="bbox 191 2561 1178 2659; baseline 0.001 -24"><span class='ocrx_word' id='word_1_129' title='bbox 191 2563 382 2639; x_wconf 88' lang='lat' dir='ltr'>industria:</span> <span class='ocrx_word' id='word_1_130' title='bbox 414 2589 479 2637; x_wconf 89' lang='lat' dir='ltr'>nec</span> <span class='ocrx_word' id='word_1_131' title='bbox 497 2563 698 2653; x_wconf 87' lang='lat' dir='ltr'>virtutibus,</span> <span class='ocrx_word' id='word_1_132' title='bbox 729 2585 768 2637; x_wconf 94' lang='lat' dir='ltr'>ut</span> <span class='ocrx_word' id='word_1_133' title='bbox 794 2561 892 2653; x_wconf 91' lang='lat' dir='ltr'>boni,</span> <span class='ocrx_word' id='word_1_134' title='bbox 919 2561 977 2636; x_wconf 86' lang='lat' dir='ltr'>sed</span> <span class='ocrx_word' id='word_1_135' title='bbox 995 2563 1178 2659; x_wconf 88' lang='lat' dir='ltr'>quomodo</span> 
     </span>
     <span class='ocr_line' id='line_1_20' title="bbox 195 2682 811 2783; baseline -0.002 -26"><span class='ocrx_word' id='word_1_136' title='bbox 195 2687 354 2782; x_wconf 85' lang='lat' dir='ltr'>peffimus</span> <span class='ocrx_word' id='word_1_137' title='bbox 371 2682 528 2783; x_wconf 88' lang='lat' dir='ltr'>quisque,</span> <span class='ocrx_word' id='word_1_138' title='bbox 552 2684 645 2759; x_wconf 87' lang='lat' dir='ltr'>vitiis</span> <span class='ocrx_word' id='word_1_139' title='bbox 662 2686 811 2758; x_wconf 87' lang='lat' dir='ltr'>valebat.</span> 
     </span>
    </p>

    <p class='ocr_par' dir='ltr' id='par_1_7' title="bbox 164 2803 1179 3870">
     <span class='ocr_line' id='line_1_21' title="bbox 242 2803 1176 2904; baseline 0 -26"><span class='ocrx_word' id='word_1_140' title='bbox 242 2806 449 2879; x_wconf 87' lang='lat' dir='ltr'><strong>LXXVIII.</strong></span> <span class='ocrx_word' id='word_1_141' title='bbox 474 2807 573 2879; x_wconf 82' lang='lat' dir='ltr'>Duat</span> <span class='ocrx_word' id='word_1_142' title='bbox 590 2807 665 2879; x_wconf 87' lang='lat' dir='ltr'>haec</span> <span class='ocrx_word' id='word_1_143' title='bbox 682 2805 718 2878; x_wconf 90' lang='lat' dir='ltr'>in</span> <span class='ocrx_word' id='word_1_144' title='bbox 737 2805 888 2902; x_wconf 85' lang='lat' dir='ltr'>partibus</span> <span class='ocrx_word' id='word_1_145' title='bbox 902 2803 1030 2878; x_wconf 83' lang='lat' dir='ltr'>Vitellii</span> <span class='ocrx_word' id='word_1_146' title='bbox 1050 2830 1176 2904; x_wconf 78' lang='lat' dir='ltr'>gerun-</span> 
     </span>
     <span class='ocr_line' id='line_1_22' title="bbox 192 2924 1177 3031; baseline 0.004 -33"><span class='ocrx_word' id='word_1_147' title='bbox 192 2945 264 3016; x_wconf 86' lang='lat' dir='ltr'>tur,</span> <span class='ocrx_word' id='word_1_148' title='bbox 294 2924 461 3023; x_wconf 81' lang='lat' dir='ltr'>digreffus</span> <span class='ocrx_word' id='word_1_149' title='bbox 487 2925 621 3000; x_wconf 66' lang='lat' dir='ltr'>Narnia</span> <span class='ocrx_word' id='word_1_150' title='bbox 642 2924 839 3031; x_wconf 82' lang='lat' dir='ltr'>Vespasiani</span> <span class='ocrx_word' id='word_1_151' title='bbox 863 2926 1047 3016; x_wconf 88' lang='lat' dir='ltr'>exercitus,</span> <span class='ocrx_word' id='word_1_152' title='bbox 1061 2981 1062 2984; x_wconf 63' lang='lat'>,</span> <span class='ocrx_word' id='word_1_153' title='bbox 1075 2924 1177 3003; x_wconf 84' lang='lat' dir='ltr'>festos</span> 
     </span>
     <span class='ocr_line' id='line_1_23' title="bbox 190 3045 1179 3146; baseline 0.004 -27"><span class='ocrx_word' id='word_1_154' title='bbox 190 3045 328 3119; x_wconf 87' lang='lat' dir='ltr'>Saturni</span> <span class='ocrx_word' id='word_1_155' title='bbox 346 3045 435 3136; x_wconf 88' lang='lat' dir='ltr'>dies,</span> <span class='ocrx_word' id='word_1_156' title='bbox 461 3046 630 3137; x_wconf 89' lang='lat' dir='ltr'>Ocriculi,</span> <span class='ocrx_word' id='word_1_157' title='bbox 651 3047 854 3144; x_wconf 82' lang='lat' dir='ltr'>petatium,</span> <span class='ocrx_word' id='word_1_158' title='bbox 873 3046 1038 3146; x_wconf 86' lang='lat' dir='ltr'>agitabat.</span> <span class='ocrx_word' id='word_1_159' title='bbox 1069 3047 1179 3123; x_wconf 84' lang='lat' dir='ltr'>Causa</span> 
     </span>
     <span class='ocr_line' id='line_1_24' title="bbox 190 3167 1175 3265; baseline 0.003 -26"><span class='ocrx_word' id='word_1_160' title='bbox 190 3187 266 3241; x_wconf 90' lang='lat' dir='ltr'>tam</span> <span class='ocrx_word' id='word_1_161' title='bbox 296 3193 413 3265; x_wconf 83' lang='lat' dir='ltr'>pravae</span> <span class='ocrx_word' id='word_1_162' title='bbox 445 3194 564 3258; x_wconf 87' lang='lat' dir='ltr'>morae,</span> <span class='ocrx_word' id='word_1_163' title='bbox 602 3189 641 3241; x_wconf 91' lang='lat' dir='ltr'>ut</span> <span class='ocrx_word' id='word_1_164' title='bbox 670 3169 883 3243; x_wconf 87' lang='lat' dir='ltr'>Mucianum</span> <span class='ocrx_word' id='word_1_165' title='bbox 922 3167 1175 3265; x_wconf 86' lang='lat' dir='ltr'>opperirentur.</span> 
     </span>
     <span class='ocr_line' id='line_1_25' title="bbox 164 3287 1177 3388; baseline 0 -25"><span class='ocrx_word' id='word_1_166' title='bbox 164 3349 166 3355; x_wconf 93' lang='lat'><strong>.</strong></span> <span class='ocrx_word' id='word_1_167' title='bbox 190 3291 270 3363; x_wconf 88' lang='lat' dir='ltr'>Nec</span> <span class='ocrx_word' id='word_1_168' title='bbox 292 3287 449 3379; x_wconf 73' lang='lat' dir='ltr'>defuere,</span> <span class='ocrx_word' id='word_1_169' title='bbox 481 3288 542 3388; x_wconf 91' lang='lat' dir='ltr'>qui</span> <span class='ocrx_word' id='word_1_170' title='bbox 561 3289 758 3362; x_wconf 91' lang='lat' dir='ltr'>Antonium</span> <span class='ocrx_word' id='word_1_171' title='bbox 783 3287 1032 3384; x_wconf 88' lang='lat' dir='ltr'>suspicionibus</span> <span class='ocrx_word' id='word_1_172' title='bbox 1053 3313 1177 3388; x_wconf 85' lang='lat' dir='ltr'>argue·</span> 
     </span>
     <span class='ocr_line' id='line_1_26' title="bbox 188 3392 1177 3508; baseline 0 -27"><span class='ocrx_word' id='word_1_173' title='bbox 188 3429 279 3500; x_wconf 90' lang='lat' dir='ltr'>rent,</span> <span class='ocrx_word' id='word_1_174' title='bbox 306 3429 490 3508; x_wconf 82' lang='lat' dir='ltr'>tamquam</span> <span class='ocrx_word' id='word_1_175' title='bbox 510 3417 537 3453; x_wconf 93' lang='lat'><strong>“</strong></span> <span class='ocrx_word' id='word_1_176' title='bbox 555 3392 639 3484; x_wconf 86' lang='lat' dir='ltr'>dolo</span> <span class='ocrx_word' id='word_1_177' title='bbox 666 3411 903 3497; x_wconf 77' lang='lat' dir='ltr'>cunoantem,</span> <span class='ocrx_word' id='word_1_178' title='bbox 929 3408 1006 3504; x_wconf 88' lang='lat' dir='ltr'>post</span> <span class='ocrx_word' id='word_1_179' title='bbox 1035 3408 1177 3484; x_wconf 77' lang='lat' dir='ltr'>secretas</span> 
     </span>
     <span class='ocr_line' id='line_1_27' title="bbox 190 3528 1176 3631; baseline 0.001 -28"><span class='ocrx_word' id='word_1_180' title='bbox 190 3538 219 3576; x_wconf 87' lang='lat'><strong>“</strong></span> <span class='ocrx_word' id='word_1_181' title='bbox 237 3531 368 3607; x_wconf 89' lang='lat' dir='ltr'>Vitellii</span> <span class='ocrx_word' id='word_1_182' title='bbox 381 3532 553 3630; x_wconf 86' lang='lat' dir='ltr'>epistolas,</span> <span class='ocrx_word' id='word_1_183' title='bbox 573 3532 701 3631; x_wconf 85' lang='lat' dir='ltr'>quibus</span> <span class='ocrx_word' id='word_1_184' title='bbox 713 3528 946 3620; x_wconf 86' lang='lat' dir='ltr'>consulatum,</span> <span class='ocrx_word' id='word_1_185' title='bbox 966 3535 999 3603; x_wconf 74' lang='lat' dir='ltr'>az</span> <span class='ocrx_word' id='word_1_186' title='bbox 1020 3532 1176 3605; x_wconf 85' lang='lat' dir='ltr'>nubilem</span> 
     </span>
     <span class='ocr_line' id='line_1_28' title="bbox 184 3647 1175 3750; baseline -0.003 -26"><span class='ocrx_word' id='word_1_187' title='bbox 184 3658 219 3714; x_wconf 79' lang='lat'>,“</span> <span class='ocrx_word' id='word_1_188' title='bbox 238 3652 359 3742; x_wconf 85' lang='lat' dir='ltr'>filiam,</span> <span class='ocrx_word' id='word_1_189' title='bbox 387 3655 570 3727; x_wconf 84' lang='lat' dir='ltr'>&amp;dotales</span> <span class='ocrx_word' id='word_1_190' title='bbox 587 3679 685 3750; x_wconf 83' lang='lat' dir='ltr'>opes,</span> <span class='ocrx_word' id='word_1_191' title='bbox 717 3649 867 3748; x_wconf 80' lang='lat' dir='ltr'>pretium</span> <span class='ocrx_word' id='word_1_192' title='bbox 886 3649 1102 3746; x_wconf 86' lang='lat' dir='ltr'>proditionis,</span> <span class='ocrx_word' id='word_1_193' title='bbox 1122 3647 1175 3721; x_wconf 87' lang='lat' dir='ltr'>of-</span> 
     </span>
     <span class='ocr_line' id='line_1_29' title="bbox 192 3767 1174 3870; baseline -0.005 -23"><span class='ocrx_word' id='word_1_194' title='bbox 192 3779 221 3818; x_wconf 88' lang='lat'>“</span> <span class='ocrx_word' id='word_1_195' title='bbox 238 3770 407 3848; x_wconf 87' lang='lat' dir='ltr'>ferebat.’&#39;</span> <span class='ocrx_word' id='word_1_196' title='bbox 456 3773 542 3866; x_wconf 89' lang='lat' dir='ltr'>Alii,</span> <span class='ocrx_word' id='word_1_197' title='bbox 571 3781 598 3817; x_wconf 91' lang='lat'><strong>“</strong></span> <span class='ocrx_word' id='word_1_198' title='bbox 619 3767 701 3846; x_wconf 67' lang='lat' dir='ltr'>ficia</span> <span class='ocrx_word' id='word_1_199' title='bbox 718 3774 806 3863; x_wconf 84' lang='lat' dir='ltr'>haec,</span> <span class='ocrx_word' id='word_1_200' title='bbox 822 3776 856 3846; x_wconf 76' lang='grc' dir='ltr'>δι</span> <span class='ocrx_word' id='word_1_201' title='bbox 874 3770 910 3844; x_wconf 91' lang='lat' dir='ltr'>in</span> <span class='ocrx_word' id='word_1_202' title='bbox 928 3770 1071 3870; x_wconf 84' lang='lat' dir='ltr'>gratiam</span> <span class='ocrx_word' id='word_1_203' title='bbox 1089 3771 1174 3843; x_wconf 87' lang='lat' dir='ltr'>Mu·</span> 
     </span>
    </p>
   </div>
   <div class='ocr_carea' id='block_1_7' title="bbox 706 3893 762 3991">
    <p class='ocr_par' dir='ltr' id='par_1_8' title="bbox 706 3893 762 3991">
     <span class='ocr_line' id='line_1_30' title="bbox 706 3893 762 3991; baseline 0 0"><span class='ocrx_word' id='word_1_204' title='bbox 706 3893 762 3991; x_wconf 74' lang='lat' dir='ltr'>Q</span> 
     </span>
    </p>
   </div>
   <div class='ocr_carea' id='block_1_8' title="bbox 0 0 1414 4694">
    <p class='ocr_par' dir='ltr' id='par_1_9' title="bbox 0 0 1414 4694">
     <span class='ocr_line' id='line_1_31' title="bbox 0 0 1414 4694; baseline 0 1"><span class='ocrx_word' id='word_1_205' title='bbox 0 0 1414 4694; x_wconf 95' lang='lat' dir='ltr'> </span> 
     </span>
    </p>
   </div>
  </div>
 </body>
</html>
