2820 4694
329 338 884 418 Hrsron1anuuL1s.
917 342 989 416 lv:
1080 368 1146 451 291
1190 403 1204 425 ,.

171 530 277 599 verat,
302 511 451 608 praemiis
478 513 613 586 attollit.
663 513 793 587 Divisa
815 515 897 587 inde
924 514 1011 585 inter
1033 515 1149 587 Tuto·

170 658 244 716 rem
263 636 296 705 δι
315 632 498 708 Classicum
516 661 619 708 curae.
672 636 802 722 Tutor,
816 633 932 705 varida
954 659 1060 706 manu
1084 635 1150 708 cir·

168 753 350 827 cumdatos
389 753 679 854 Agrippinenses,
717 775 958 853 quantumque
1000 753 1152 828 militum

166 875 259 972 apud
288 873 498 972 superiorem
528 875 647 950 Rheni
674 875 800 972 ripam,
834 875 869 947 in
898 874 1020 947 eodem
1048 877 1154 948 verba

170 996 295 1095 adigit,
319 995 437 1069 occisis
465 996 685 1094 Mogontiaci
714 995 873 1085 tribunis,
901 994 997 1092 pulso
1027 994 1152 1068 castro-

170 1143 251 1190 rum
280 1113 457 1214 praese&0,
478 1116 538 1213 qui
562 1116 845 1190 detrectaverant.
895 1117 1058 1190 Classicus
1075 1141 1157 1189 cor-¹

172 1237 406 1335 ruptiffimum
426 1261 602 1334 quemque
621 1262 640 1310 e
661 1236 787 1310 deditis
817 1246 844 1329 “,
864 1263 1008 1336 pergere
1024 1237 1069 1309 ad
1088 1240 1151 1311 ob-

174 1364 201 1402 “
220 1356 345 1430 seffos”
365 1355 483 1453 jubet,
511 1364 538 1400 “
557 1357 694 1430 veniam
712 1358 934 1447 ostentantes,
963 1363 985 1431 st
1011 1355 1154 1456 praesen·

175 1485 203 1520 “
221 1478 268 1552 tia
286 1478 530 1576 sequerentur3
556 1478 667 1568 aliter,
686 1477 772 1551 nihil
796 1477 888 1575 spei:
917 1478 1062 1569 samem,
1085 1478 1152 1553 ser·
1228 1570 1229 1574 Ἰ

174 1593 382 1697 “rumque,
410 1604 444 1672 ἃ
472 1621 631 1709 extrema
660 1601 848 1695 paffuros.''
899 1599 1069 1698 Adjecere
1093 1599 1154 1699 qui

171 1719 260 1794 missi
278 1743 388 1811 erant,
416 1721 622 1817 exemplum
636 1718 748 1794 suum.

220 1844 305 1915 LX.
331 1840 630 1939 Oosnssoshinc
655 1842 756 1930 fides,
786 1841 868 1916 inde
897 1844 1039 1942 egestas,
1067 1844 1155 1918 inter

172 1964 281 2036 decus
315 1988 355 2036 ac
382 1962 558 2062 flagitium
590 1961 837 2037 distrahebant.
901 1964 1157 2040 Cundantibus

170 2081 268 2158 solita
292 2082 498 2182 insolitaque
522 2083 690 2157 alimenta
710 2085 872 2170 deerant;
890 2083 1080 2181 absumptis
1095 2085 1153 2184 ju·

127 2264 129 2268 .
171 2205 300 2279 mentis
317 2204 497 2303 equisque,
519 2186 563 2277 ¹&
581 2205 701 2279 ceteris
725 2203 947 2293 animalibus,
973 2231 1051 2301 quae
1076 2232 1156 2302 pro-

171 2325 250 2401 fana
273 2326 440 2422 soedaque
457 2325 493 2398 in
515 2323 616 2397 usum
634 2322 809 2398 necessitas
833 2323 945 2398 vertit.
994 2324 1156 2422 Virgulta

132 2493 135 2503 ·
172 2445 363 2544 postremo,
379 2449 412 2517 δι
432 2444 566 2542 stirpes,
588 2450 622 2520 &
642 2445 828 2519 internatas
844 2443 931 2519 saxis
948 2446 1068 2520 herbas
1082 2447 1154 2518 vel-

171 2568 294 2657 lentes,
320 2563 530 2639 miseriarum
555 2566 798 2666 patientiaque
821 2569 1074 2642 documentum
1095 2565 1154 2642 su·

120 2722 128 2735 s
173 2691 252 2772 ἔτη
284 2689 398 2762 donec
427 2687 605 2785 egregiam
630 2691 770 2764 laudem
794 2692 864 2765 fine
890 2689 980 2786 turpi
1002 2690 1154 2762 macula·

173 2829 264 2896 rent,
283 2808 386 2881 missis
411 2809 455 2882 ad
475 2808 625 2881 Civilem
650 2810 772 2908 legatis
799 2818 828 2853 “
848 2810 979 2886 vitam’'
1008 2829 1154 2883 orantes.

173 2931 303 3027 Neque
321 2928 401 3001 an'te
430 2953 546 3025 preces
570 2929 738 3021 admiffae,
766 2933 873 3029 quam
891 2932 927 3004 in
945 2935 1051 3007 verba
1068 2933 1154 3005 Gal-

173 3051 299 3124 liarum
322 3049 490 3148 jurarent.
539 3052 636 3125 Tum
655 3055 775 3149 padus
803 3054 1005 3150 “praedam
1027 3053 1154 3127 castro·

176 3178 203 3215 “
222 3173 343 3260 rum,”
359 3173 418 3244 dat
434 3171 607 3264 custodes,
625 3173 685 3271 qui
704 3172 903 3269 pecuniam,
921 3175 1072 3265 calones,
1090 3172 1156 3248 sar-

173 3293 268 3367 cinas
289 3314 508 3382 retentarent,
526 3319 566 3366 ac
584 3293 644 3392 qui
669 3292 758 3390 ipsos
774 3293 868 3365 leves
893 3295 1056 3367 abeuntes
1075 3320 1155 3391 pro·
1232 3359 1234 3363 .

174 3416 406 3515 sequerentur.
473 3414 534 3488 Ad
564 3413 729 3512 quintum
762 3410 831 3486 sere
857 3412 1010 3508 lapidem
1046 3415 1156 3489 coorti

176 3536 357 3628 Germani,
383 3535 562 3610 incautum
589 3560 718 3633 agmen
747 3532 1010 3632 adgrediuntur.
1060 3538 1154 3631 Pug-

176 3656 371 3733 naciffimus
389 3657 533 3757 quisque
554 3658 591 3730 in
608 3654 777 3754 vestigi03
802 3653 903 3729 multi
921 3659 1076 3753 palantes
1093 3680 1153 3727 oc·
1268 3699 1272 3712 ·

178 3777 352 3853 cubuere:
380 3779 483 3855 ceteri
507 3801 598 3856 retro
620 3778 658 3850 in
682 3776 790 3852 castra
818 3775 1039 3878 profugiunt,
1070 3800 1164 3873 que-k

632 3901 669 3974 U
697 3925 717 3975 z
