2820 4694
266 361 336 414 202
493 321 1061 416 CConurrrrTncrrt

188 610 189 614 Ἰ
263 537 358 586 tonae
380 510 503 586 serini:
531 500 682 589 sufficere
698 514 854 588 cohortes
870 516 1016 612 alaeque,
1033 518 1068 588 δι
1091 510 1235 611 elegio·

263 632 364 706 nibus
373 631 466 722 leni,
485 633 671 732 profligato
680 634 756 733 jam
774 637 881 725 bello,
897 636 1113 709 videbantur.
1153 636 1234 707 Un-

261 752 398 826 decima
414 751 506 850 legio
524 751 590 827 sese
605 751 821 850 adjunxerat,
841 755 1133 839 initiocuneiata3
1161 752 1234 842 sed,

257 872 562 970 prosperisrebus,
589 874 705 962 anxia,
736 874 834 971 quod
850 875 1015 949 defuiffet.
1063 879 1130 950 Sex
1156 873 1235 946 mil·

260 994 307 1066 lia
339 985 592 1080 Dalmatarum,
627 1019 745 1066 recens
772 995 941 1086 deleEius,
972 994 1236 1068 comitabantur.

258 1116 421 1191 Ducebat
437 1111 627 1207 Pompeius
648 1112 820 1201 Silvanus,
846 1113 1052 1188 consularis:
1083 1115 1134 1186 vis
1151 1140 1234 1187 corr·
1266 1136 1268 1147 ”

259 1235 413 1309 filiorum
432 1257 536 1329 penes
549 1231 708 1307 Annium
722 1235 874 1322 Battum,
891 1232 1037 1330 legionis
1054 1237 1233 1331 legatum:

261 1355 290 1428 is
311 1353 502 1442 Silvanum,
520 1351 700 1426 socordem
718 1354 825 1440 bello,
844 1357 877 1426 &
901 1353 974 1426 dies
992 1378 1107 1426 rerum
1125 1352 1239 1426 verbis

259 1495 444 1561 terentem,
468 1471 578 1570 specie
604 1470 761 1570 obsequii
783 1477 937 1573 regebat,
964 1473 1009 1546 ad
1038 1470 1240 1570 omniaque,

260 1620 340 1692 quae
364 1597 501 1692 agenda
523 1594 647 1683 forent,
672 1593 789 1691 quieta
811 1620 892 1666 cum
919 1593 1082 1667 industria
1111 1595 1239 1668 aderat.

137 1758 140 1769 =
231 1734 233 1737 ’
260 1718 321 1790 Ad
347 1717 408 1788 has
436 1713 566 1813 copias,
594 1741 614 1786 e
639 1713 778 1787 clafficis
796 1712 1059 1787 Ravennatibus
1082 1713 1236 1810 legiona-

259 1834 347 1907 riam
376 1834 536 1907 militiam
560 1831 791 1929 poscentibus,
822 1832 976 1929 optimus
1002 1832 1147 1930 quisque
1176 1833 1237 1905 ad-

257 1952 350 2027 sciti:
383 1954 532 2027 Claffem
567 1954 737 2025 Dalmatae
769 1952 986 2050 supplevere.
1054 1952 1237 2026 Exercitus

258 2073 432 2171 ducesque
454 2074 499 2146 ad
516 2075 651 2173 Fanum
669 2075 830 2146 Fortuna
848 2072 910 2145 iter
924 2071 1056 2161 sistunt,
1083 2073 1237 2146 desum·

261 2197 319 2268 ma
348 2219 464 2266 rerum
497 2194 709 2283 cuneiantes,
740 2192 837 2290 quod
878 2201 1033 2265 “motas
1065 2217 1111 2264 ex
1139 2193 1240 2265 Urbe

263 2294 292 2359 ‘¹‘
311 2315 483 2414 praetorias
510 2315 691 2388 cohortes''
718 2313 906 2402 audierant,
935 2311 1096 2386 &teneri
1125 2315 1237 2409 praesr·
1305 2300 1308 2315 ’

259 2436 329 2509 diis
356 2435 584 2535 Apenninum
609 2436 795 2507 rebantur:
840 2438 873 2506 δι
904 2431 1005 2530 ipsos,
1035 2433 1071 2527 in
1100 2422 1241 2530 regione

263 2559 357 2630 bello
372 2555 498 2644 attrita,
517 2554 635 2652 inopia
652 2550 861 2627 &seditiosae
879 2553 1031 2626 militurn
1049 2577 1154 2643 =uoces
1171 2573 1240 2626 tet-

262 2680 399 2765 rebant,
419 2677 600 2750 Clavarium
630 2674 805 2770 (donativi
830 2699 959 2746 nomen
983 2674 1050 2768 est)
1081 2673 1239 2771 flagitan·
1265 2728 1267 2735 s

261 2797 373 2870 tium:
394 2824 457 2871 nec
477 2796 672 2894 pecuniam,
691 2817 749 2868 aut
764 2793 978 2868 frumentum
997 2793 1238 2890 providerantz

263 2922 298 2990 &
327 2917 496 2992 festinatio
525 2938 629 3014 atque
654 2915 800 2988 aviditas
832 2915 1103 3012 praepediebant,
1137 2916 1239 3004 dunt,

262 3064 342 3133 quae
358 3038 468 3135 accipi
483 3057 653 3135 poterant,
669 3036 860 3133 rapiuntur.

311 3159 374 3228 LI.
410 3159 720 3233 Curannnnrnros
753 3157 908 3228 autiores
941 3157 1067 3243 habeo,
1110 3172 1240 3226 tantam
1340 3167 1348 3175 '

263 3276 452 3351 virtutibus
487 3279 652 3352 adversus
668 3276 717 3349 fas
741 3273 901 3373 nefasque
918 3273 1166 3347 irreverentiam
1183 3270 1237 3345 fu·

264 3397 339 3484 iss'e,
357 3419 395 3470 ut
412 3399 588 3496 gregarius
605 3422 724 3494 eques,
740 3394 895 3469 occisum
907 3422 928 3467 a
942 3394 976 3469 se
993 3394 1152 3492 proximi
1167 3393 1240 3465 acie

264 3518 403 3592 fratrem
434 3517 615 3612 professus,
654 3517 836 3613 praemium
870 3542 890 3588 a
918 3515 1064 3590 ducibus
1094 3514 1242 3612 petierit.

263 3643 342 3718 Nec
367 3637 432 3710 illis
449 3657 507 3710 aut
524 3640 690 3710 honorare
707 3628 783 3710 eam
802 3638 948 3724 caedem,
959 3634 1018 3732 jus
1034 3635 1242 3718 hominumn

265 3783 324 3838 aut
352 3757 482 3847 ulcisci,
517 3756 601 3830 ratio
629 3748 708 3831 beili
738 3757 968 3856 permittebat.
1029 3755 1243 3831 Distulerant
1281 3741 1284 3748 ’
