2806 4694
250 363 298 441 92
457 339 499 414 C.
540 325 805 412 Cornum
848 335 1049 431 Tncrrr

250 503 444 610 corruptus,
457 512 503 585 ita
520 504 724 609 proeliorum
741 513 874 586 avidus.
907 514 994 585 Non
1009 508 1106 601 Italia
1121 498 1220 600 adiri,

246 660 308 708 nec
334 634 412 705 loca
442 630 604 730 sedesque
625 634 741 730 patriae
776 634 1003 707 videbantur:
1040 631 1247 729 tamquam

244 773 386 827 externa
414 752 530 843 litora,
561 760 595 826 &
620 757 721 828 urbes
750 747 913 846 hostium,
941 779 1054 843 urere,
1077 752 1220 841 vastare,
1327 785 1328 793 ¹

243 898 382 971 rapere:
416 865 458 945 ei>
475 873 634 963 atrociiin
662 875 758 972 quod
777 876 862 948 nihil
880 874 1025 972 usquam
1047 871 1222 971 provisum

126 1085 133 1093 ἱ
244 994 431 1067 adversum
449 1013 580 1065 metus:
610 989 703 1089 pleni
727 995 816 1093 agri,
841 1014 964 1092 apertae
981 997 1133 1067 domus:
1161 1017 1229 1067 oc-.

244 1112 415 1187 cursantes
444 1113 579 1186 domini
600 1112 704 1211 juxta
721 1112 886 1213 conjuges
912 1122 945 1188 a
963 1117 1102 1205 liberos
1128 1113 1223 1187 secu-

244 1233 345 1307 ritate
362 1232 470 1331 pacis,
490 1233 622 1307 &nelli
636 1237 731 1307 malo
748 1234 1116 1309 circumveniebantur.
1142 1236 1224 1307 Mas

244 1353 378 1427 ritimas
396 1374 474 1426 tum
492 1355 602 1451 Alpes
620 1356 759 1429 tenebat
778 1374 977 1452 procurator
993 1355 1127 1429 Marius
1140 1355 1224 1427 Ma·

246 1491 356 1548 turus.
415 1475 448 1547 Is
481 1474 619 1548 concita
651 1494 769 1573 gente,
803 1479 886 1571 (nec
919 1474 1013 1547 deest
1040 1474 1226 1572 juventus)

247 1619 364 1669 arcere
374 1594 568 1703 provinciae⁴
580 1596 706 1669 finibus
718 1595 938 1668 Othonianos
954 1595 1110 1667 intendit.
1159 1595 1228 1666 Sed

247 1715 363 1812 primo
380 1715 515 1813 impetu
534 1719 607 1789 caesr
625 1714 825 1813 disjeetique
842 1714 1011 1804 montani,
1028 1731 1067 1787 ut
1085 1715 1224 1811 quibus,
1294 1744 1295 1747 ¹

245 1832 376 1910 temere
403 1837 566 1926 colleffis,
600 1863 673 1909 non
707 1836 828 1924 castra,
860 1861 930 1908 non
950 1838 1089 1908 *ducem
1118 1833 1225 1908 nosci-

246 1959 410 2049 tantibus,
440 1982 563 2054 neque·
580 1956 617 2029 in
634 1956 777 2031 vietorial
793 1957 899 2029 decus
923 1958 1029 2045 essetf
1050 1980 1164 2054 neque
1190 1955 1226 2027 in

34 2034 36 2041 ’
132 2156 134 2167 ,
248 2076 333 2177 fuge
356 2078 541 2176 flagitium.

192 2279 197 2297 ‚
297 2200 398 2273 Xlll.
424 2201 646 2271 lnmrnrus
660 2224 703 2271 eo
716 2198 840 2295 ptoelio
850 2196 1001 2271 Othonis
1016 2193 1128 2285 miles,
1146 2219 1225 2268 ver·
1319 2210 1320 2214 ’

230 2319 289 2391 ‚tit
307 2318 370 2391 iras
383 2318 419 2389 in
433 2316 662 2415 municipium
680 2318 826 2391 Albium
840 2317 1077 2391 Intemeliumt
1096 2315 1228 2415 quippe

248 2441 285 2513 in
310 2438 382 2514 acie
404 2439 490 2511 nihil
515 2440 661 2536 praedae:
693 2438 814 2536 inopes
831 2437 989 2537 agrestes,
1019 2435 1151 2510 &vilia
1171 2463 1227 2510 ar·

150 2646 153 2652 ¹
250 2587 333 2634 rna:
360 2585 424 2632 nec
451 2559 528 2656 capi
557 2578 730 2655 poterant,
761 2560 884 2655 pernix
907 2584 1029 2657 genus,
1065 2561 1098 2631 δι
1128 2557 1227 2656 gnari

249 2681 426 2750 locorumr
446 2679 503 2751 secl
521 2677 770 2751 calamitatibus
786 2676 972 2751 insontium
989 2680 1129 2776 expleta
1146 2703 1228 2750 ava·-

248 2796 334 2869 ritia.
384 2799 497 2871 Auxit
520 2798 687 2872 invidiam
717 2800 880 2897 piaeclaro
910 2800 1076 2896 exemplo
1101 2796 1231 2872 femina

249 2916 376 3012 Ligus,
409 2942 487 3014 quae
522 2919 596 2992 filio
629 2919 761 3011 abdito,
796 2912 882 2994 ciim'
912 2913 1010 2992 Amul
1045 2919 1240 3017 pecuniam.

248 3036 414 3109 occultari
431 3038 557 3111 milites
575 3039 806 3129 credidiffent‚
832 3040 943 3138 eoque
971 3066 1032 3137 per
1057 3039 1229 3111 cruciatus

250 3157 501 3256 interrogarent
544 3163 570 3201 “
598 3159 660 3232 ubi
693 3160 806 3232 filium
841 3160 1054 3248 occuleret‚'”
1086 3179 1227 3230 uterum

250 3277 446 3367 ostendens,
482 3284 509 3353 ‘.‘
527 3279 657 3351 latere'
679 3276 862 3377 respondit.
912 3283 990 3353 Nee
1007 3280 1086 3353 ullis
1101 3278 1229 3351 deinde

248 3398 449 3486 terroribus,
477 3417 536 3470 aut
562 3391 688 3490 inorte,
707 3400 936 3474 constantiam
958 3401 1053 3475 vocis
1076 3398 1229 3498 egregiae

211 3547 214 3554 ’
250 3517 411 3594 mutavit.

298 3641 396 3716 XIV.
440 3643 467 3681 ‘⁸
509 3639 718 3711 Inmunis
764 3639 954 3738 provinciae
995 3643 1228 3739 Narbonenfi,

242 3773 279 3821 1“
299 3765 352 3838 in‘
369 3761 477 3835 verba
508 3756 639 3830 Vitellii
677 3760 820 3850 adattae,
864 3762 1002 3836 claffem
1038 3757 1229 3849 Othonis,''
