2844 4704
268 355 337 426 'rto
430 316 1058 425 *CConrtntrrTn'ctri
1152 436 1158 454 ,

262 525 381 599 relicto
395 505 576 594 Placentia
594 522 736 596 modico
753 524 921 621 prasidio,
939 551 1021 600 curn
1037 505 1238 600 cohortibus

263 641 445 719 subvenit,
482 640 575 716 Dein
592 641 753 716 Flavium
775 646 957 736 Sabinum,
982 646 1158 725 consulem
1174 649 1237 719 de·

263 767 446 861 signatum,
471 762 570 833 Otho
582 763 747 835 restorem
765 764 874 861 copiis
887 766 990 856 mist,
1009 768 1135 865 quibus
1153 768 1237 839 Ma⁴
1341 784 1343 786 ’

197 935 203 945 2
243 954 246 966 ,
263 909 319 956 cer
336 880 532 979 praesuerat3
552 884 633 956 laeto
650 885 761 971 milite
782 887 826 958 ad
844 887 1072 961 mutationem
1090 888 1239 976 ducum,
1347 915 1350 921 ·

263 1007 297 1075 &
314 1002 479 1092 ducibus,
497 1005 545 1076 ob
561 1007 697 1077 crebras
712 1005 908 1098 seditiones,
922 1029 995 1080 tam
1006 1007 1161 1094 infestam
1173 1007 1239 1089 mi-

261 1123 373 1198 litiam
390 1122 659 1219 aspernantibus.
1210 1170 1213 1182 ·

287 1244 506 1319 XXXVII.
529 1247 701 1316 lnvnmo
735 1246 830 1341 apud
866 1245 1036 1344 quosdam
1069 1249 1239 1338 auctores,

264 1358 293 1411 “
313 1390 441 1464 pavore
472 1364 569 1455 beili,
608 1363 664 1437 seu
690 1363 830 1438 fastidio
859 1366 1034 1464 utriusque
1058 1367 1242 1464 Principis,

266 1493 464 1585 “quorum
489 1484 620 1583 flagitia
646 1511 687 1559 ac
720 1487 872 1561 dedecus
906 1488 1074 1585 apertiore
1110 1489 1145 1560 in
1169 1488 1244 1560 dies

267 1615 296 1652 “
314 1606 409 1681 sama
436 1605 678 1697 noscebantur,
716 1607 887 1682 dubitasse
920 1610 1104 1699 exercitus,
1140 1635 1240 1697 num,

268 1735 298 1772 “
315 1732 425 1826 posito
450 1727 649 1817 certamine,
673 1729 729 1801 vel
756 1728 819 1825 ipsi
844 1729 880 1801 in
899 1731 1056 1803 medium
1073 1730 1243 1803 consulta·

268 1857 297 1894 “
315 1870 407 1940 rent,
436 1850 494 1922 vel
526 1847 655 1921 senatui
688 1849 923 1946 permitterent
952 1852 1065 1948 legere
1088 1853 1244 1947 Impera-

268 1979 302 2049 “⁵
314 1992 439 2045 torem.
489 1975 608 2069 Atque
622 1964 664 2043 eo
680 1972 789 2045 duces
805 1971 1025 2045 Othonianos
1041 1970 1188 2069 spatium
1205 1985 1245 2044 ac

269 2084 296 2167 “f
315 2116 431 2165 moras
451 2071 593 2181 suasisse,
617 2092 790 2190 praecipue
815 2093 1035 2179 Paullinum3
1066 2089 1164 2190 quod
1185 2118 1249 2165 ve-·

269 2219 298 2256 “
316 2211 515 2286 tustiffimus
535 2211 783 2302 consularium,
814 2219 847 2288 δι
874 2212 996 2287 militia
1018 2214 1142 2302 clarus,
1169 2212 1244 2310 glo-

269 2332 402 2406 “riam
426 2357 625 2431 nomenque
641 2333 844 2409 Britannicis
865 2331 1146 2432 expeditionibus
1170 2358 1246 2406 me-

270 2461 299 2498 “
316 2453 469 2528 missal*
530 2457 612 2554 Ego
638 2475 677 2529 ut
708 2454 945 2545 concesserim,
979 2455 1074 2552 apud
1103 2479 1248 2551 paucos,

270 2575 377 2649 tacito
393 2594 494 2666 voto,
519 2576 674 2673 quictem
698 2600 763 2673 pro
781 2574 965 2665 discordia,
989 2578 1123 2649 bonum
1141 2577 1175 2646 δε
1193 2574 1247 2647 in-

175 2727 176 2735 *
225 2724 226 2731 ¹
269 2718 457 2770 nocentem
485 2696 701 2794 Principem,
730 2722 794 2795 pro
821 2697 967 2793 pessrmis
992 2721 1034 2769 ac
1061 2693 1251 2794 flagitioss-

270 2817 361 2891 fimis
382 2817 601 2913 expetitumr
633 2817 679 2890 ita
700 2840 815 2916 neque
831 2817 1044 2906 Paullinum,
1069 2818 1140 2916 qus
1168 2841 1251 2913 pru·

269 2935 388 3010 denti&
409 2936 488 3027 fuit,
514 2936 669 3037 sperasse,
687 2937 941 3038 corruptissimo
956 2936 1094 3027 saeculo,
1121 2957 1251 3009 tantam

270 3056 369 3156 vulgi
398 3059 689 3151 moderationem,
719 3078 809 3148 reor,
836 3079 891 3150 ut,
926 3059 986 3158 qui
1019 3082 1142 3154 pacem
1166 3057 1252 3129 belli

269 3203 389 3252 amore
415 3182 654 3271 turbaverant,
685 3182 819 3254 bellum
849 3179 943 3278 pacis
976 3177 1115 3251 caritate
1142 3177 1252 3273 depo·

272 3319 416 3373 nerent:
442 3325 558 3399 neque
586 3321 645 3374 aut
675 3298 846 3385 exercitus
873 3298 1004 3399 linguis
1030 3293 1252 3393 moribusque

212 3476 216 3479 ,
271 3402 452 3508 dissonos,
465 3421 502 3493 in
525 3423 620 3496 hunc
648 3419 851 3496 consensum
876 3420 1024 3518 potuisse
1047 3412 1252 3507 coalescere,

159 3520 162 3539 ⁵
273 3560 334 3615 aut
350 3540 484 3638 legatos
500 3566 540 3614 ac
557 3544 679 3633 duces,
697 3544 825 3641 magna
842 3566 888 3614 ex
906 3561 1004 3638 parte
1021 3538 1138 3627 luxus,
1157 3537 1254 3636 eges·

273 3659 368 3751 tatis,
385 3657 552 3734 scelerum
571 3663 632 3736 fibi
649 3661 817 3752 conscios,
841 3661 900 3734 nifi
919 3661 1095 3757 pollutum
1111 3659 1255 3735 obstric-

274 3803 422 3881 tumque
439 3779 568 3856 meritis
584 3776 649 3855 suis
666 3781 864 3880 Principem
889 3780 1054 3878 passuros.
