2820 4694
258 334 370 428 204‘
446 337 1041 416 .C.··Coauaa11Tacar1

254 511 340 585 nuit.
373 505 487 608 ‘lique
510 536 644 601 omnes,
669 510 941 586 desestinatione
963 511 1070 587 Primi
1087 537 1127 586 ac
1144 515 1226 590 Vari

254 630 393 720 sinistre,
421 635 455 703 a
485 626 655 705 Muciano
685 632 846 706 violentia
873 630 1083 729 rescripsere.
1112 634 1245 731 ·Qi-·

240 750 491 859 -busssepistolis
517 751 721 849 Vespasiano
750 754 865 843 missis,
894 753 1065 844 effecerat,
1094 774 1224 828 utnon

146 956 152 984 1
251 868 397 969 prospe
436 870 597 960 Antonii,
623 870 762 944 consilia
785 864 943 971 fassaque
977 872 1046 971 ejus
1078 872 1225 948 aestima·

251 1011 379 1064 rentur.
457 1076 459 1079 ¹
1020 1062 1023 1069 .

303 1113 402 1184 LIII.
427 1111 553 1186 AEoaa
584 1109 622 1183 id
645 1111 716 1208 pati
745 1110 934 1201 Antonius,
965 1118 998 1186 δι
1025 1115 1164 1209 culpam
1189 1112 1224 1186 in

249 1230 462 1304 Mucianum
487 1228 655 1320 conferre,
682 1227 780 1326 cujus
806 1230 1100 1306 criminatIonibus
1116 1232 1224 1305 evilo»

249 1353 350 1424 issent
361 1350 513 1447 pericula
526 1349 599 1423 sua:
619 1375 684 1424 nec
700 1350 913 1425 sermonibus
925 1354 1148 1449 temperabat,
1163 1353 1227 1425 im·

251 1471 412 1570 modicus
439 1470 570 1568 lingua,
601 1474 635 1544 a
663 1469 817 1567 obsequii
849 1469 1021 1544 insolens:
1046 1472 1159 1546 literas
1182 1472 1226 1546 ad
1325 1521 1336 1547 ,—

242 1590 495 1688 Vespasianum
512 1588 720 1686 composuit,
732 1588 914 1687 jaelantiirs
937 1592 1044 1688 quarn
1069 1592 1113 1665 ad
1126 1593 1225 1665 Priu-

251 1711 383 1808 cipem,
418 1735 482 1784 nec
512 1712 579 1782 fine
607 1711 745 1783 occultas
772 1709 808 1782 in
840 1710 1050 1784 Mucianum
1084 1710 1223 1784 infesta·
1264 1753 1268 1759 .

249 1831 366 1903 tione:
396 1836 424 1873 “
447 1831 490 1903 Se
505 1829 722 1903 Pannonicas
738 1830 892 1928 legiones
903 1866 904 1874 ¹
915 1831 950 1904 in
976 1857 1071 1905 arma
1093 1832 1220 1931 egisse:

243 1949 362 2035 ,“„suis
378 1949 522 2023 stimulis
538 1949 669 2024 excitos
684 1951 820 2031 Moesrae
843 1950 965 2040 duces,
991 1949 1049 2025 suli
1067 1951 1223 2026 coustan-

251 2078 279 2115 “
295 2071 342 2147 tia
367 2087 544 2167 perruptas
572 2071 694 2167 Alpes,
718 2089 924 2167 occupatam
946 2070 1096 2161 ltaliam,
1120 2071 1224 2144 inter-

250 2200 278 2236 “
296 2190 389 2289 septa
399 2193 653 2263 Germanorum
670 2193 922 2287 Raetotumque
938 2189 1076 2263 auxilia.
1113 2189 1222 2287 Quid

249 2320 278 2357 “
296 2310 484 2401 discordes,
502 2307 729 2408 dispersasque
753 2308 882 2383 Vitellii
898 2310 1051 2408 legiones
1070 2308 1222 2407 'equestri

249 2441 279 2477 “
297 2431 460 2531 procells,
479 2455 565 2503 mox
583 2428 741 2526 peditum
758 2430 807 2520 vi,
827 2448 887 2526 per
902 2412 996 2502 diem
1014 2430 1222 2528 nodemque

249 2561 277 2647 ‘.‘
294 2550 444 2640 fudisset,
461 2549 498 2623 id
515 2549 806 2646 pulcherrimum,
824 2554 858 2644 dc
876 2548 925 2622 sui
942 2543 1079 2646 operis:
1107 2547 1222 2624 casum

249 2682 277 2718 “
296 2677 493 2760 Cremonae,
513 2670 606 2744 bello
630 2669 876 2768 imputandum
891 2698 900 2743 ε
915 2667 1055 2765 *majore
1078 2671 1224 2761 damno,

249 2801 278 2839 “
296 2793 447 2893 plurium
464 2788 605 2864 urbium
622 2789 779 2880 excidiis,
806 2811 934 2863 veteres
950 2790 1080 2864 civium
1095 2789 1222 2864 discor-

248 2922 277 2958 “
294 2914 369 2988 dias
386 2909 583 3011 reipublicae
606 2908 740 2984 stetiffe.
789 2912 875 2984 Non
891 2910 924 2984 se
941 2910 1082 3000 nuntiis,
1107 2935 1223 3010 neque

249 3041 277 3077 “
295 3032 459 3129 epistolis,
499 3031 557 3107 sed
588 3056 693 3106 mauu
723 3035 755 3104 δι
790 3031 894 3106 armis
926 3032 1129 3131 Imperatori
1161 3031 1222 3105 suo

250 3159 277 3194 “
296 3150 465 3224 militare:
510 3176 623 3249 neque
655 3152 794 3224 officere
826 3153 944 3250 gloriae
982 3171 1116 3242 eorum,
1158 3151 1220 3250 qui

249 3278 278 3314 “
297 3272 415 3343 Asiam
436 3271 574 3347 interim
601 3270 879 3368 composuerint:
907 3272 973 3346 illis
994 3275 1129 3346 Moesrae
1157 3297 1220 3375 pa·

250 3398 278 3434 “
295 3415 386 3478 cem,
417 3392 479 3464 fibi
506 3391 651 3471 salutem
666 3389 954 3490 securitatemque
971 3393 1093 3482 ltalia,
1123 3390 1224 3471 cordi

249 3520 276 3558 “
293 3509 401 3588 fuisse.
450 3511 524 3583 Suis
547 3511 845 3586 exhortationibus
861 3512 991 3585 Gallias
1018 3510 1222 3610 Hispanias-

194 3667 215 3721 χ
249 3641 277 3679 “
295 3656 377 3731 que,
403 3628 644 3703 validissimam
671 3654 832 3707 terrarum
855 3651 1000 3729 partem,
1026 3633 1071 3705 ad
1095 3631 1221 3728 Vespa·

143 3804 147 3811 -
249 3763 277 3803 “
296 3758 425 3832 slanum
455 3747 645 3826 conversas.
710 3754 778 3832 Sed
817 3751 975 3830 cecidisse
1013 3753 1050 3830 in
1083 3752 1220 3830 irritum
