2806 4694
255 347 303 428 74
431 316 1016 433 C.ConunnltTac1„rt'

295 503 503 576 LXXXIX.
528 505 602 577 San
621 507 762 604 vulgus,
789 512 822 581 δι
852 506 1091 606 magnitudine
1117 503 1223 580 nimid

246 621 488 696 communium
505 649 662 698 curarum
674 653 798 724 expers
811 631 977 725 populus„
991 627 1109 702 sentire
1125 629 1223 724 paul⁴

246 742 440 828 latimbelli
460 746 563 832 mala,
592 749 758 819 conversali
784 748 819 819 in
837 749 988 821 militum
1004 747 1104 821 usum
1125 745 1222 819 omni

240 864 405 960 pecunia,
424 862 562 936 intentis
577 864 822 939 alimentorum
842 867 981 964 pretiis:
1011 893 1103 964 quae,
1122 887 1223 938 motu

244 983 418 1072 Vindicis,
452 985 547 1057 haud
580 967 723 1080 perinde
752 988 892 1083 plebem
923 988 1136 1074 attriverant,
1172 987 1221 1058 se-⁴

243 1105 326 1176 cura
353 1124 430 1175 tum
459 1102 571 1193 Urbe,
591 1109 624 1177 δι
648 1105 852 1200 provinciali
880 1108 988 1196 bello,
1014 1109 1110 1204 quod
1133 1107 1221 1179 inter

243 1222 620 1322 legiones'Galliasque
647 1225 744 1296 velut
771 1245 956 1299 externum
982 1227 1065 1300 suits
1107 1230 1219 1314 Nam,

242 1370 289 1418 ex
311 1370 384 1442 quo
411 1342 514 1417 divus
537 1343 717 1441 Augustus
733 1334 794 1418 =res
811 1344 985 1419 Caesarum
1015 1336 1234 1442 composuit,'

136 1555 139 1558 Α
245 1467 367 1564 procul
385 1468 418 1537 δι
436 1465 472 1537 in
488 1463 588 1538 unius
604 1463 884 1554 sollicitudinem,
898 1487 956 1538 aut
972 1468 1092 1556 decus,
1106 1492 1219 1562 popu·

243 1587 297 1661 lus
324 1590 507 1660 Romanus
533 1585 728 1657 bellaverat.
774 1587 848 1659 Sub
875 1586 1034 1674 Tiberio,
1063 1590 1097 1657 δι
1120 1587 1219 1677 Caio,

242 1706 377 1780 tantum
394 1706 487 1801 pacis
504 1702 644 1778 adversa
663 1705 887 1802 pertimuere:
906 1705 1119 1781 Scriboniani
1136 1731 1221 1778 con-

241 1847 295 1899 tra
316 1825 505 1899 Claudium
528 1824 679 1921 incepta,
709 1828 809 1899 simul
833 1825 965 1915 audita,
996 1831 1029 1899 &
1047 1826 1218 1900 co'c'rcita:

240 1948 338 2020 Nero
355 1943 481 2018 nuntiis
499 1942 662 2040 magis&
681 1946 892 2035 rumoribus,
911 1948 1020 2043 quarn
1034 1947 1146 2020 armis.
1159 1949 1221 2020 de-

240 2064 368 2163 pulsus.
416 2059 515 2136 Tum
540 2063 693 2162 legiones
720 2064 916 2163 classesque,
943 2052 985 2139 δδι
1016 2069 1113 2163 quod
1146 2067 1221 2138 rard

240 2186 337 2274 aliis,
374 2182 595 2282 praetorianus
626 2185 862 2284 Urbanusque
896 2184 1007 2274 miles,
1043 2185 1080 2256 in
1109 2185 1221 2258 aciem

237 2305 391 2380 deducti.
440 2304 562 2378 Oriens
579 2303 832 2403 Occidensque,
858 2311 891 2378 ὃ(
910 2302 1080 2402 quidquid
1096 2304 1219 2377 utrim-¹

239 2454 309 2526 que
327 2426 454 2499 virium
477 2424 526 2498 est
550 2450 570 2496 a
591 2446 710 2523 tergo:
738 2429 760 2499 fi
785 2424 932 2499 ducibus
954 2423 1028 2497 aliis
1050 2425 1220 2498 bellatum

239 2548 341 2637 soret,
370 2550 479 2643 longo
505 2546 597 2618 bello
625 2543 777 2617 materia.
827 2546 952 2632 Fuere,
976 2543 1036 2640 qui
1066 2542 1218 2639 proficis-

239 2664 332 2740 centi
360 2664 494 2738 Othoni
527 2689 654 2751 moras,
696 2671 723 2705 “
750 2662 1027 2761 religionemque
1059 2663 1220 2736 nondum

176 2830 182 2847 ι
240 2795 268 2830 “
288 2786 509 2860 conditorum
548 2783 738 2857 ancilium''
772 2783 957 2855 afferrent·
1008 2779 1219 2890 Aspematus

238 2907 288 2980 est
304 2931 448 2978 omnem
473 2903 745 2992 cundationem
769 2924 809 2976 ut
825 2904 962 2976 Neroni
984 2892 1218 3001 quoque'exi-

238 3023 384 3098 tiosam:
412 3031 444 3099 δι
463 3024 618 3113 Caecina,
635 3023 711 3121 jam
729 3026 838 3122 Alpes
855 3021 1088 3121 transgressus,
1115 3021 1219 3095 'exsti-

239 3146 406 3218 mulabat.
773 3128 775 3132 ’
813 3239 820 3249 Ι

286 3265 366 3338 XC.
391 3267 536 3338 Pauus
561 3266 643 3337 ldus
661 3264 821 3352 Martias,
847 3264 1090 3338 commendatas
1113 3261 1217 3358 patri·
1268 3338 1283 3360 t

234 3388 304 3460 bus
328 3384 518 3480 republicis,
545 3383 706 3481 reliquias
725 3383 1003 3464 Neronianarum
1027 3381 1219 3455 sectionum

239 3507 398 3581 nondum
423 3503 458 3575 in
488 3502 608 3575 fiscum
626 3501 818 3593 conversas,
848 3502 1015 3575 revocatis
1032 3504 1076 3574 ab
1098 3502 1218 3574 exfilio

239 3626 417 3703 concessit:
442 3619 661 3719 justissimum
677 3624 826 3712 donum,
847 3626 880 3694 ἃ
897 3621 933 3693 in
951 3621 1099 3718 speciem
1117 3646 1217 3717 mag·

131 3733 134 3738 ⁸
240 3726 399 3835 uilicum,
429 3742 487 3817 sed
511 3740 665 3815 festinata
680 3740 756 3838 jam
780 3741 916 3838 pridem
936 3741 1130 3831 exallione,
1154 3738 1218 3814 ufu
