2844 4704
351 333 759 422 Hrsronrnnun
792 347 906 423 Lis.
939 338 985 422 ΙΙ.
1086 367 1152 450 ¹²7

181 526 214 566 ‘³
230 521 457 621 permixtum
468 521 636 597 vehiculis
660 549 802 621 agmen,
830 549 872 597 ac
897 524 1059 619 pleraque
1084 520 1154 594 sor·

182 650 209 685 “
228 644 328 732 tuita,
355 641 465 716 fraudi
482 642 573 717 suae'’
589 646 827 742 adfignantes:
857 647 889 716 ἃ
908 640 1154 746 Vitelliuscre-

181 763 272 836 didit
295 766 340 836 de
367 764 524 860 perfidia,
553 770 586 837 δι
610 767 718 836 fidem
735 762 891 838 absolvit.
942 761 1074 836 Salvius
1090 761 1154 834 Ti·
1184 796 1186 804 a

180 883 306 974 tianus,
340 884 492 957 Othonis
529 882 645 975 frater,
679 885 815 956 nullum
839 881 1028 956 discrimen
1054 882 1153 973 adiit,

182 1004 306 1099 pietate
331 1008 364 1076 δι
389 1004 528 1103 ignavia
559 1003 748 1077 excusatus.
798 1003 920 1077 Mario.
943 1002 1042 1076 Celso
1070 1029 1183 1076 con-.

181 1121 307 1197 solatus
321 1125 494 1197 >seruatur:
524 1123 582 1197 sed
600 1124 770 1197 creditum
788 1122 892 1212 sama,
911 1119 1157 1219 objectumque

182 1270 270 1316 mox
305 1250 341 1316 in
374 1244 491 1317 senatu
524 1244 666 1317 Caecilio
697 1242 868 1340 Simplici,
903 1249 929 1283 “
948 1241 1046 1338 qubd
1075 1268 1157 1316 eum

187 1370 213 1404 “
233 1365 401 1436 honorem
420 1362 566 1458 pecunia
590 1363 747 1450 mercari,
771 1388 835 1435 nec
854 1367 921 1435 sme
937 1361 1043 1436 exitio
1069 1365 1157 1435 Celsi

185 1490 213 1526 ‘⁴
232 1484 441 1555 voluill'et:”
478 1482 594 1556 restitit
628 1482 802 1572 Vitellius,
843 1481 1009 1579 deditque
1042 1470 1158 1579 postea

184 1601 398 1676 consulatum
436 1604 605 1701 Simplici,
652 1602 836 1676 innoxium
878 1607 910 1674 &
946 1602 1155 1699 inemptum.
1254 1590 1257 1597 ¹

181 1723 393 1796 Trachalum
426 1725 591 1798 adversus
629 1723 849 1800 criminantes
881 1721 1032 1812 Galeria,
1066 1738 1175 1795 uxor'

184 1841 328 1930 Vitellii,
357 1844 519 1940 protexit.

98 1950 103 1962 ⁴
228 1965 330 2036 LXI.
374 1968 495 2038 lurra
530 1990 739 2064 magnorum
774 1963 926 2038 virorum
958 1963 1159 2040 discrimina

184 2085 409 2181 (pudendum
444 2087 560 2179 dictu)
598 2086 773 2160 Mariccus
802 2085 960 2183 quidam,
1004 2111 1024 2157 e
1056 2088 1159 2183 plebe

178 2204 359 2296 Boiorum,
376 2205 517 2280 inserere
534 2205 600 2279 sese
618 2205 775 2294 sorrunae,
809 2212 842 2277 δι
861 2230 1048 2302 provocare
1062 2231 1158 2278 arma

151 2382 153 2384 ψ
182 2330 356 2417 Romana,
387 2326 605 2399 simulatione
625 2325 808 2398 numinum
831 2325 930 2398 ausus
950 2324 1007 2399 est.
1058 2327 1156 2418 Jam-

146 2422 150 2437 i
180 2473 248 2545 que
277 2446 473 2520 “adsertor
501 2445 710 2535 Galliarum,
738 2451 772 2520 ἃ
811 2447 919 2519 deus’'
952 2447 1100 2540 (nomen
1118 2444 1156 2518 id

179 2567 238 2640 sibi
271 2568 461 2660 indiderat)
497 2564 639 2639 concitis
671 2567 749 2638 ono
775 2565 926 2639 millibus
950 2565 1153 2655 hominum,

182 2687 358 2782 proximos
389 2688 591 2760 AEduorum
621 2711 729 2783 pagos
758 2689 939 2774 trahebat3
972 2689 1054 2765 cum
1079 2712 1157 2785 gra-

181 2804 314 2877 visssma
333 2803 467 2893 civitas,
485 2807 588 2878 elet‘hl
599 2805 796 2903 juventute,
822 2806 961 2905 adjestis
978 2836 999 2881 a
1015 2808 1156 2882 Vitellio
1250 2896 1253 2903 Ἴ
1280 2894 1289 2906 ,

180 2924 400 3011 cohortibus,
414 2922 593 2999 fanaticam
606 2926 865 3001 multitudinem
881 2926 1025 3025 disjecit.
1062 2930 1156 3027 Cap·

179 3064 235 3116 tus
253 3043 288 3115 in
308 3069 350 3116 eo
367 3044 490 3140 proelio
512 3045 702 3136 Mariccus,
720 3073 760 3120 ac
777 3073 863 3121 mox
884 3047 962 3121 seris
987 3048 1154 3148 objedus‚

179 3163 261 3262 quia
278 3190 346 3236 non
363 3164 566 3254 laniabatur,
585 3166 749 3240 stolidum
767 3169 894 3265 vulgus
920 3168 1155 3243 inviolabilem

178 3285 351 3371 credebat,
370 3283 494 3373 donec,
518 3284 692 3381 spedante
713 3286 867 3377 Vitellio,
887 3286 1082 3364 interfectus
1096 3290 1155 3363 est.

179 3437 183 3445 ⁴
223 3390 345 3476 an
368 3407 455 3478 Nnc
480 3406 568 3477 ultra
596 3404 632 3477 in
656 3404 861 3495 defedores,
890 3428 948 3480 aut
973 3409 1065 3482 bona
1085 3436 1148 3483 cu*-

169 3522 347 3621 jusquam,
374 3523 540 3599 saevitum.
592 3527 694 3598 Rata
713 3524 807 3599 fuere
836 3551 969 3617 eorum,
996 3529 1056 3625 qui
1082 3529 1156 3603 acie

168 3644 373 3733 ¹Othonianas
390 3644 598 3734 ceciderant,
623 3646 837 3736 testamenta,
861 3669 919 3721 aut
936 3651 993 3723 lex
1017 3650 1153 3724 intesta·

173 3761 226 3836 tis.
285 3763 441 3855 Prorsus,
476 3769 499 3838 si
536 3765 682 3838 luxuriae
715 3787 937 3865 temperaret,
972 3768 1152 3844 avaritiam
