2806 4694
237 357 294 424 40·
417 324 1008 403 C.⁷Conunn11Tnc1r1

239 510 369 579 banus:
405 524 538 578 certant
567 503 826 578 adulationibus
854 501 959 576 ceteri
985 498 1216 598 magistratus.

237 628 441 698 Adcurrunt
456 645 589 722 patres:
620 624 816 698 decernitur
829 618 962 699 Othoni
991 628 1019 663 “
1036 617 1220 692 tribunicia

241 753 267 787 “
288 744 446 842 potestas,
473 749 507 816 bc
526 771 655 818 nomen
673 745 838 848 Augusti,
871 749 905 816 bc
933 767 1054 815 omnes
1088 738 1218 813 Princi-

241 874 373 962 “pum
408 867 596 955 honores,'’
637 866 872 940 adnitentibus
912 861 1045 937 condis
1081 861 1219 934 abolere
1287 948 1289 953 ι

238 986 397 1059 convicia
423 1010 464 1058 ac
487 988 627 1082 probra,
654 1013 731 1084 quae
756 985 946 1084 promiscue
963 983 1068 1082 jada,
1094 981 1220 1054 haesrsIe

240 1107 358 1179 animo
373 1104 445 1202 ejus
462 1130 567 1178 nemo
580 1103 699 1178 sensu:
726 1105 884 1179 omisrffet
903 1103 1061 1193 offensas,
1082 1129 1126 1175 an
1149 1099 1215 1174 dis·

239 1227 379 1316 tulisset,
408 1225 573 1300 brevitate
598 1225 736 1324 imperii
765 1225 801 1297 in
825 1224 954 1297 incerto
981 1222 1057 1296 fuit.
1106 1223 1217 1308 otho,

149 1430 152 1437 ¹
242 1369 386 1420 cruento
415 1349 530 1420 adhuc
558 1345 649 1435 for0,
683 1372 743 1442 per
772 1344 922 1440 stragem
950 1342 1156 1441 jacentium,
1183 1341 1221 1412 in

240 1467 471 1564 Capitolium,
489 1488 595 1563 atque
613 1465 694 1536 inde
712 1462 748 1535 in
766 1464 933 1560 palatium
948 1467 1080 1551 vestus,
1098 1470 1125 1504 “
1137 1485 1228 1534 con··

212 1648 217 1657 .
242 1586 364 1660 “cedi
391 1611 537 1683 corpora
565 1583 759 1682 sepultura,
788 1583 1029 1678 cremarique”
1057 1580 1220 1678 permisit.

239 1705 400 1778 Pisonem
420 1706 566 1778 Verania
581 1731 684 1794 uxor,
704 1729 744 1777 ac
768 1702 872 1776 frater
895 1701 1151 1788 Scribonianus,
1171 1700 1219 1771 T.

239 1826 383 1899 Vinium
408 1824 565 1922 Crispina
610 1825 696 1897 filia.
717 1821 958 1920 composusre,
990 1821 1137 1919 quaesitis
1168 1845 1220 1893 re·

169 1961 170 1967 ’
240 1945 460 2042 demptisque
488 1943 674 2042 capitibus,
704 1970 785 2042 quae
818 1942 952 2016 venalia
986 1940 1220 2015 interfectores

238 2063 467 2137 servaverant.
503 2131 515 2143 ,

142 2222 146 2234 ·
288 2186 458 2257 XLVIII.
486 2188 579 2258 Prso
598 2211 711 2258 unum
740 2191 774 2259 δι
803 2184 1015 2258 tricesrmum
1033 2184 1140 2257 aetatis
1157 2208 1218 2255 an·

240 2285 326 2378 num
344 2307 520 2402 explebat,
539 2302 631 2377 fami
649 2305 805 2395 meliore,
824 2307 933 2401 quim
949 2304 1096 2377 fortuns.
1134 2305 1218 2376 Fra,

240 2448 305 2499 tres
324 2424 393 2523 ejus
411 2428 590 2522 Magnum
606 2425 789 2515 Claudius,
820 2426 979 2498 Crassum
996 2427 1095 2497 Nero
1113 2425 1218 2497 inter·

240 2544 404 2619 fecerant.
455 2545 530 2642 Ipse
546 2545 606 2617 diu
624 2544 733 2634 exsul,
764 2545 949 2643 quatriduo
977 2544 1104 2634 Caesar,
1138 2567 1217 2640 pro-

194 2656 197 2668 '
240 2668 354 2762 petatfi
385 2665 588 2762 adoptione,
623 2667 668 2738 ad
701 2667 768 2739 hoc
800 2672 935 2738 tantum
972 2662 1094 2761 majori
1123 2663 1220 2737 fratri

241 2785 400 2880 praelatus
416 2783 479 2873 est,
496 2805 536 2857 ut
553 2786 648 2882 prior
663 2785 887 2859 occideretur.
912 2788 959 2858 T.
973 2785 1097 2858 Vinius
1114 2784 1218 2883 quin-

239 2902 408 3000 quaginta
429 2905 558 3002 septem
575 2933 684 2980 annos
701 2905 803 2978 variis
821 2907 978 2980 moribus
993 2906 1077 3004 ogit.
1118 2908 1220 3002 Pater

240 3022 289 3094 illi
306 3048 326 3094 e
344 3025 506 3120 praetorist
522 3026 664 3116 familis,
680 3047 856 3099 maternus
872 3052 959 3101 avus
975 3053 995 3099 e
1012 3024 1218 3123 proscriptis.

238 3143 356 3216 Prima
385 3146 509 3219 militis
544 3146 693 3236 infamis,
717 3150 875 3246 legatum
907 3147 1095 3220 calvifium
1121 3146 1218 3220 Sabi-

239 3290 325 3336 num
343 3267 527 3340 habuerat:
555 3265 652 3365 cujus
669 3293 771 3357 uxor,
799 3270 890 3341 mals
908 3267 1071 3365 cupidine
1088 3264 1219 3341 visendi
1308 3288 1312 3297 ·

238 3389 338 3456 situm
358 3385 563 3475 castrorum,
594 3392 653 3485 per
682 3391 823 3461 nortem
852 3387 992 3461 militari
1021 3387 1142 3460 habitu
1166 3387 1219 3459 in·
1329 3464 1330 3467 ,

241 3505 364 3602 grefl'a,
395 3504 478 3577 citm
507 3506 642 3604 vigilias
671 3512 705 3579 bc
735 3528 850 3580 cetera
877 3506 1009 3579 militiae
1027 3507 1147 3581 munia
1163 3510 1218 3586 es,

205 3627 206 3632 ’
239 3626 323 3697 dem
340 3621 476 3698 lascivis
495 3627 699 3716 temerasset,
715 3628 752 3700 in
770 3627 848 3724 ipsis
865 3624 1041 3725 principiis
1059 3627 1218 3726 stuprum

239 3743 339 3823 ausa:
372 3743 579 3820 &criminis
597 3744 699 3842 hujus
726 3772 803 3821 reus
836 3749 883 3822 T.
901 3747 1025 3823 Vinius
1047 3749 1218 3848 argueba.
1280 3830 1281 3834 Ἴ
