2752 4710
256 329 277 406 8
459 329 500 404 C.
531 324 799 403 connum
832 325 1036 403 Tacina

254 501 292 575 id
320 501 382 593 est,
405 501 531 576 nostras
554 526 692 600 quoque
716 500 880 590 historias,
908 503 942 572 &
965 504 1128 575 Romana
1152 520 1216 571 no·

255 623 363 714 mina,
382 625 580 695 Graecorum
598 620 721 694 fabulis
736 646 951 719 aggregatos.

302 747 362 815 IV.
390 744 445 814 Ετ
471 741 652 826 Maternus,
678 743 895 813 Perturbarer
923 741 986 811 hac
1009 742 1066 812 tud
1096 736 1215 812 severi·

252 881 335 952 tate,
362 861 420 934 nisi
444 857 604 957 frequens
621 887 662 934 ac
681 862 808 933 affidua
830 858 929 932 nobis
951 859 1127 932 contentio
1138 914 1141 921 .
1141 857 1217 955 jam

250 980 357 1078 prope
383 980 418 1052 in
447 978 729 1058 consuetudinem
758 978 917 1054 vertiffet.
965 981 1058 1051 Nam
1086 1003 1148 1050 nec
1177 996 1216 1048 tu
1248 1078 1251 1081 Ι

248 1100 374 1198 agitate
401 1105 434 1174 tc
462 1098 594 1197 insequi
619 1107 734 1197 poetas
760 1098 970 1187 intermittis,
995 1099 1031 1168 dt
1053 1123 1133 1195 ego,
1161 1094 1218 1168 cui

251 1219 418 1292 desidiam
441 1220 711 1293 advocationum
732 1219 864 1318 objicis,
896 1217 1134 1316 quotidianum
1153 1219 1221 1288 hoc

254 1338 491 1435 patrocinium
532 1335 758 1413 defendendae
798 1340 960 1413 adversus
1000 1358 1035 1409 te
1077 1335 1221 1433 poe'ticae

252 1483 409 1542 exerceo.
459 1458 542 1556 Qud
570 1460 666 1534 lator
684 1459 808 1558 magis,
838 1461 994 1532 oblatum
1012 1457 1110 1531 nobis
1126 1455 1220 1554 judi·

148 1568 150 1574 i
253 1603 345 1669 cem,
375 1578 435 1676 qui
459 1605 516 1652 me
532 1581 588 1652 vel
613 1579 649 1652 in
674 1577 828 1654 futurum
845 1599 936 1653 vetet
957 1576 1070 1651 versus
1093 1576 1220 1667 facere,
1320 1656 1324 1662 ,

252 1700 324 1787 vel,
349 1700 443 1796 quod
454 1697 661 1796 jampridem
678 1721 775 1797 opto,
793 1700 848 1773 sud
866 1725 1008 1798 quoque
1023 1697 1222 1773 auctoritate

250 1820 449 1915 compellat,
467 1840 506 1891 ut
521 1818 838 1894 omiffissorenfium
857 1820 1032 1894 causarum
1045 1818 1220 1916 angustiis,

250 1934 287 2006 in
304 1935 429 2029 quibus
445 1936 520 2009 satis
537 1938 622 2010 mihi
640 1937 808 2036 superque
820 1937 978 2013 sudatum
995 1939 1058 2028 est,
1076 1939 1222 2024 sanctio·

250 2079 323 2127 rem
339 2054 438 2128 istam
453 2055 489 2126 δι
507 2056 738 2154 augustiorem
751 2054 982 2155 eloquentiam
996 2060 1135 2133 colam

299 2177 343 2246 V.
371 2178 452 2248 Eoo
478 2177 572 2266 vead,
606 2177 718 2276 inquit
745 2179 910 2268 Secundus,
941 2198 1126 2275 antequam
1159 2203 1221 2251 me

247 2290 402 2392 judicem
419 2303 516 2394 Aper
532 2297 673 2388 recuset,
691 2298 827 2389 faciam,
852 2299 947 2394 quod
966 2297 1066 2394 probi
1091 2301 1220 2371 &mo-

250 2415 336 2487 desti
353 2412 488 2511 judices
504 2415 626 2507 soient,
652 2418 742 2491 utin
760 2417 812 2491 his
828 2403 1086 2516 cognitionibus
1108 2417 1140 2491 se
1157 2444 1221 2491 ex-

153 2604 155 2610 ,
213 2582 215 2597 .
250 2533 379 2626 cusent,
412 2535 449 2609 in
478 2536 603 2633 quibus
621 2535 838 2610 manifestum
864 2537 926 2626 est,
957 2539 1099 2613 alteram
1126 2540 1224 2636 apud

195 2651 198 2657 ”
248 2678 308 2727 eos
337 2637 466 2751 partem
497 2657 605 2755 gratia
634 2659 828 2755 praevaiere.
878 2658 966 2754 Qis
984 2646 1079 2732 enim
1100 2657 1223 2749 nescit,

226 2760 228 2764 ¹
246 2774 424 2849 neminem
441 2777 526 2850 mihi
544 2777 813 2877 conjundiiorem
831 2780 898 2851 effe
915 2779 952 2850 δι
968 2777 1028 2852 usu
1045 2778 1222 2870 amicitiae,

247 2893 286 2963 dt
305 2896 493 2971 affiduitate
516 2899 747 2989 contubernii,
777 2899 883 2996 quam
899 2898 1046 2972 Saleium
1068 2900 1222 2988 Bassum,

246 3011 329 3085 cium
362 3017 533 3112 optimum
557 3019 686 3110 virum,
719 3040 796 3092 tum
817 3017 1099 3092 absolutisfimum
1133 3024 1220 3114 po'e'-

245 3146 319 3202 tam
335 3136 479 3229 ?vporro
497 3141 517 3209 fi
536 3140 672 3236 poetica
694 3138 884 3228 accusatur,
907 3165 978 3212 non
995 3138 1101 3212 alium
1117 3137 1222 3211 video

182 3273 194 3291 ⁴
245 3271 344 3319 reum
368 3252 643 3352 locupletiorem.
692 3262 834 3333 Securus
851 3263 903 3348 fit,
928 3258 1039 3356 inquit
1057 3260 1155 3355 Aper,
1180 3263 1220 3333 dc

244 3360 372 3440 Saleius
384 3373 511 3464 Bassus,
529 3376 566 3445 &
589 3378 740 3476 quisquis
756 3378 843 3452 alius
859 3378 1010 3452 studium
1023 3379 1163 3474 podticae
1179 3380 1217 3450 dt
1247 3443 1250 3447 Α

243 3484 436 3561 carminum
464 3495 612 3590 gloriam
636 3499 745 3589 fovet,
771 3500 852 3573 cum
879 3497 992 3573 causas
1020 3523 1119 3597 agere
1144 3524 1220 3572 non

243 3608 354 3697 poffit.
407 3610 488 3706 Ego
513 3613 621 3704 enim,
651 3639 816 3714 quatenus
837 3619 1003 3693 arbitrum
1027 3618 1094 3692 litis
1117 3615 1221 3716 hujus

213 3720 372 3819 ‘inveni
404 3754 475 3805 non
503 3733 622 3830 patiar,
650 3740 856 3815 Maternum
884 3738 1039 3816 societate
1062 3737 1221 3838 plurium
