2844 4704
240 324 363 416 ,118'
443 333 484 406 C.
526 333 791 407 Conuenit
834 335 1032 409 Tncrrr

255 514 284 586 .“
302 534 381 583 vere
408 512 568 608 placeret,
597 511 694 585 tanto
718 510 893 609 pulchrior
912 536 1004 584 mors
1026 507 1100 583 erit.
1151 511 1225 582 Ex-

256 637 284 672 “
301 631 385 727 perti
402 630 550 706 invicem
568 631 697 722 sumus,
728 656 797 730 ego
814 656 855 704 ac
872 629 1030 706 fortuna:
1058 655 1122 703 nec
1137 650 1225 707 tem·

256 757 282 792 “
300 777 364 847 pus
380 751 663 849 computaveritis
679 781 687 825 t
712 751 884 825 difficilius
908 751 957 824 est
972 770 1161 847 temperare
1177 748 1226 822 fe.

255 877 282 912 “
301 868 433 959 licitati,
460 875 527 967 qud
550 890 584 943 te
612 897 682 947 non
705 893 804 969 putes
830 872 892 943 diu
913 869 1063 944 usurum.
1114 870 1227 948 Civile

255 996 282 1031 “
308 992 441 1068 bellum
454 990 623 1070 aVitellio
635 991 742 1086 coepit
758 1019 767 1066 ε
787 996 820 1065 δι
838 1011 876 1062 ut
888 992 932 1062 de
946 989 1138 1086 principatu
1151 1016 1226 1063 cer-

257 1115 284 1155 “
302 1129 451 1183 tatemus
467 1109 585 1199 armis,
615 1109 754 1183 initium
770 1110 839 1182 illic
860 1108 949 1182 fuiti
982 1134 1026 1183 ne
1049 1109 1228 1209 plusquhm
1318 1144 1321 1151 ·

257 1236 285 1275 “
304 1227 408 1308 semel
425 1248 606 1317 certemus,
625 1254 729 1326 penes
741 1253 799 1301 me
815 1229 1019 1324 exemplum
1035 1229 1123 1301 erit:
1148 1231 1229 1336 hinc
1274 1253 1277 1264 ’

257 1351 483 1428 “Othonem
509 1350 683 1447 posteritas
699 1347 855 1427 aestitnet.
904 1350 1051 1422 Fructus
1073 1348 1232 1422 Vitellius

258 1477 286 1513 “
305 1467 420 1558 fratre,
449 1467 610 1569 conjuge,
630 1470 770 1544 liberis:
800 1469 886 1543 mihi
904 1495 976 1542 non
1001 1468 1146 1560 ultione,
1173 1495 1233 1544 ne-

258 1597 285 1632 “
304 1616 372 1687 que
401 1588 523 1665 solatiis
550 1617 638 1688 opus
671 1592 729 1675 est.
779 1591 852 1665 Alii
884 1589 1015 1664 diutius
1047 1589 1232 1685 imperium

258 1716 285 1753 “
304 1711 500 1797 tenuerint3
534 1737 639 1789 nemo
667 1732 740 1785 tam
774 1710 907 1785 fortiter
935 1707 1121 1808 reliquerit,
1171 1715 1232 1784 An

258 1838 285 1873 “
304 1856 372 1929 ego
392 1851 527 1925 tantum
546 1835 717 1907 Romanae
736 1831 849 1930 pubis,
884 1851 934 1904 tot
953 1830 1109 1930 egregios
1132 1854 1230 1903 exer·

258 1958 285 1999 “
305 1950 406 2041 citus,
434 1951 534 2028 sterni
552 1951 675 2043 rursus,
706 1959 739 2026 &
769 1948 968 2049 reipublicae
992 1951 1078 2046 eripi
1096 1950 1230 2048 patiar?

257 2078 285 2113 “
304 2072 370 2144 Eat
387 2071 443 2148 hic
473 2096 613 2148 mecum
630 2073 778 2161 animus,
805 2094 986 2168 tamquam
1013 2070 1152 2166 perituri
1171 2094 1234 2166 pro

259 2197 287 2241 “
306 2217 363 2273 me
380 2190 533 2277 fueritis3
560 2192 619 2266 sed
644 2193 714 2267 este
742 2190 956 2289 superstites:
985 2215 1048 2263 nec
1071 2189 1133 2261 diu
1154 2216 1231 2264 mo·

259 2319 287 2359 “
305 2338 434 2403 remur,
463 2339 530 2412 ego
557 2313 833 2387 incolumitatem
857 2311 1017 2399 vestram,
1054 2335 1117 2383 vos
1145 2335 1231 2383 con-

261 2441 288 2476 “
306 2433 462 2508 stantiam
480 2458 606 2506 meam.
661 2434 766 2506 Plura
789 2434 834 2506 de
851 2431 1014 2505 extremis
1029 2430 1138 2526 loqui,
1157 2457 1233 2527 pars

257 2560 289 2634 ,“
309 2553 456 2650 ignaviae
472 2554 540 2627 est:
572 2551 784 2649 praecipuum
802 2550 1035 2625 destinationis
1057 2577 1143 2626 tneae
1169 2554 1232 2624 do-

259 2679 288 2715 “
305 2694 506 2748 cumentum
539 2672 677 2760 habete,
713 2670 809 2768 qudd
837 2671 882 2750 de
913 2670 1053 2743 nemine
1077 2697 1209 2769 ,queror
1222 2701 1234 2769 3

262 2796 289 2833 “
308 2816 389 2869 narn
406 2791 557 2871 incusare
584 2793 681 2883 deos,
713 2793 769 2873 vel
793 2790 966 2881 homines,
995 2788 1068 2888 ejus
1085 2793 1148 2883 est,
1175 2792 1236 2891 qui

262 2917 290 2952 “
308 2909 426 2984 vivore
443 2912 563 2986 velit.”
1077 2927 1080 2935 ’

309 3032 477 3116 XLVIII,
502 3034 640 3107 Tauri.
670 3036 818 3124 locutus,
850 3052 889 3114 ut
913 3034 1039 3132 cuique
1066 3051 1147 3105 aetas
1174 3052 1235 3105 aut

259 3150 423 3250 dignitas,
449 3153 594 3234 comiter
610 3156 813 3251 appellatos,
838 3154 972 3227 “irent
998 3151 1155 3248 propere,
1168 3177 1234 3225 neu

263 3278 291 3313 “
318 3274 528 3346 remanendo
561 3274 646 3347 iram
682 3272 820 3350 vidoris
853 3274 1065 3371 asperarent’'
1094 3268 1236 3364 juvenes

261 3391 474 3482 auctoritate,
492 3393 586 3467 senes
603 3393 763 3491 precibus
778 3397 965 3471 movebat:
994 3389 1148 3490 placidus
1160 3415 1235 3481 ote,

261 3509 452 3605 intrepidus
480 3512 608 3602 verbis,
634 3513 888 3611 intempestivas
916 3512 1055 3586 suorum
1080 3509 1238 3586 lacrimas

265 3637 439 3705 coercens.
490 3637 518 3671 “
536 3630 620 3703 Dari
638 3658 742 3705 naves
764 3658 802 3705 ac
820 3632 1009 3716 uehicula'¹
1029 3630 1237 3706 abeuntibus

258 3752 387 3857 jubet:
416 3748 551 3843 libellos
578 3749 819 3850 epistolasque,
850 3750 962 3829 studio
988 3775 1072 3851 erga
1097 3750 1143 3842 se,
1178 3768 1237 3837 aut
