2820 4694
324 311 716 406 Hrsrottrnnuu
753 313 965 433 Linxlll.
1066 351 1134 427 ¹93
1201 370 1207 391 .

87 578 93 585 ,
158 528 221 607 pro
244 505 387 582 Vitellio
412 523 675 608 conquerentes,
705 510 804 583 strum
832 507 990 582 dolorem
1018 502 1134 604 prose-

156 629 288 703 rebant.
336 629 459 720 Nulla,
484 630 522 702 in
538 629 690 704 oratione
712 625 928 726 cujusquam,
958 651 1040 725 erga
1054 626 1134 699 Fla·

151 749 277 822 vianos
303 748 409 824 duces
437 750 663 824 obtredlatioz
704 756 731 792 “
750 772 901 821 errorem
929 746 1133 842 impruden·

107 915 109 921 -
158 876 187 911 “
206 867 361 966 tiamque
378 868 620 969 exercituum”
648 871 838 967 culpantes,
860 864 1053 964 Vespasiani
1068 889 1134 938 no·

155 1014 237 1062 men
262 985 407 1085 suspensi
424 993 458 1062 ὃ(
477 982 662 1062 vitabundi
680 988 922 1063 circumibant.
972 988 1051 1060 Nec
1071 985 1132 1058 de-

157 1106 237 1199 fuit,
268 1109 330 1205 qui
346 1107 670 1190 unumconsulatrls
696 1108 791 1182 diem
819 1109 865 1205 (is
882 1106 991 1196 enim,
1015 1105 1052 1179 in
1076 1106 1130 1178 lo*

155 1254 240 1302 cum
269 1229 433 1317 Caecinae,
457 1229 660 1326 supererat),
682 1255 817 1328 magno
840 1255 922 1303 cum
951 1226 1052 1301 inrisu
1073 1226 1132 1299 tri·

153 1348 295 1422 -buentis
320 1347 597 1446 accipientisque,
625 1349 868 1423 eblandiretur.
917 1348 1032 1426 Pridie
1059 1348 1132 1420 Ka⁴
1160 1413 1166 1424 .

158 1469 278 1543 lendas
293 1469 505 1543 Novembris
533 1473 658 1544 Rosius
681 1472 841 1567 Regulus
857 1469 947 1559 iniit,
975 1467 1135 1566 ejuravit·

155 1613 238 1686 que.
287 1591 515 1663 Adnotabanr
532 1590 646 1687 petiti,
670 1597 697 1664 ‘.‘
717 1615 908 1688 numquam
924 1608 1036 1680 antea,
1061 1614 1133 1662 non

156 1711 371 1807 “abrogato
398 1709 613 1808 magistratu,
649 1724 775 1808 neque¹
797 1711 875 1808 lege
902 1711 983 1801 latai,
1021 1708 1130 1782 alium

120 1868 124 1877 ⁸
158 1836 187 1872 “
205 1828 439 1903 suffedlumffl
469 1856 550 1904 nam
564 1830 681 1905 consul
698 1855 769 1903 uno
792 1828 850 1904 die
874 1833 907 1904 &
929 1849 1009 1902 ante
995 1826 1135 1903 suerat

129 1949 321 2023 xCaninius
338 1951 498 2039 Rebilus,
522 1952 564 2024 C.
582 1949 714 2036 Caesare
735 1948 917 2041 dictatore,
945 1950 1030 2024 ciam
1047 1949 1130 2024 belli

154 2047 264 2144 civilis
281 2070 424 2167 praemia
439 2054 686 2145 festinarentur.
821 2123 823 2127 ·

200 2191 407 2266 XXXVIII.
431 2194 558 2266 Nora·
571 2217 630 2289 per
641 2217 699 2265 eos
715 2191 788 2266 dies
798 2190 896 2287 Jumt
913 2192 1008 2265 Blaesi
1020 2216 1127 2280 mors,

152 2309 343 2386 &famosa
371 2309 462 2398 suit;
500 2312 546 2384 de
580 2314 651 2409 qus
671 2315 729 2391 ‘fic‘
756 2310 964 2415 accepimus.
1019 2311 1129 2384 Grati

152 2429 306 2528 corporis
331 2434 458 2505 morbo
483 2455 575 2529 aeger
592 2431 764 2524 Vitellius,
792 2430 984 2505 Servilianis
1006 2430 1128 2520 hortis,

149 2551 289 2641 turrim,
312 2549 428 2625 vicino
445 2554 556 2642 srt‘am,
585 2553 755 2626 collucere
773 2579 832 2651 per
845 2553 985 2626 nossem
1002 2551 1127 2625 crebris
1197 2614 1199 2617 .

153 2670 343 2745 luminibus
355 2669 610 2745 animadvertit.
634 2669 979 2761 Sciscitanticausam,
994 2670 1132 2767 “apud

155 2789 379 2864 “Caecinam
406 2791 562 2865 Tuscum
588 2791 718 2889 epulari
744 2795 887 2882 multos,
911 2790 1131 2889 praecipuum

155 2915 184 2953 “
204 2911 333 2984 honore
350 2910 496 3006 Junium
521 2911 692 2985 Blaesum''
719 2913 918 2986 nuntiatur:
953 2931 1064 2986 cetera
1093 2911 1130 2983 in

152 3027 279 3128 majus,
296 3032 342 3103 de
361 3037 389 3073 “
406 3051 590 3129 apparatu,
617 3036 650 3105 &
671 3032 789 3106 solutis
804 3032 841 3107 in
859 3032 1042 3108 lasciviam
1055 3031 1130 3106 ani·
1243 3076 1248 3087 ·

153 3158 182 3195 “
201 3151 269 3225 mis
285 3153 321 3224 :‘’'
337 3177 402 3225 nec
418 3150 573 3242 defuere,
585 3152 652 3256 'qui
663 3152 778 3253 ipsum
790 3153 960 3244 Tuscum,
979 3158 1013 3228 ἃ
1030 3152 1129 3244 alios,

151 3270 208 3346 sed
226 3271 439 3346 criminosius
460 3269 604 3346 Blaesum
624 3269 829 3362 incusarent,
856 3279 884 3315 “
902 3273 1013 3370 qudd,
1033 3299 1128 3374 aegro

152 3396 179 3434 “
196 3390 368 3490 Principe,
398 3395 493 3468 laetos
517 3393 589 3466 dies
617 3394 771 3490 ageret.'’
834 3391 910 3465 Ubi
936 3391 1129 3489 asperatum
1162 3412 1166 3425 ‘

149 3510 341 3601 Vitellium,
366 3517 400 3586 &
428 3515 523 3610 posse
549 3511 694 3586 Blaesum
725 3511 883 3608 perverti,
916 3511 993 3589 satis
1018 3514 1129 3610 patuit

147 3628 206 3719 iis,
239 3632 298 3730 qui
332 3632 531 3730 Principum
566 3630 709 3706 offensas
742 3631 865 3706 acriter
897 3630 1126 3732 speculantur,

148 3749 239 3827 datae
267 3753 313 3828 L.
334 3753 474 3826 Vitellio
503 3751 685 3827 delationis
703 3772 824 3849 partes.
874 3754 951 3843 llle,
981 3749 1129 3829 infensus

664 3871 699 3940 O
