2844 4704
280 334 349 407 ηδ
471 333 1157 415 'C.Cortnnn11Tnc1rt·

277 533 348 580 non
384 506 529 581 timeres.
597 511 791 606 Epularum
827 509 923 585 foeda
952 515 986 585 δι
1030 508 1252 609 inexplebilis

275 626 405 700 libido:
428 652 473 699 ex
506 629 605 703 Urbe
634 648 739 727 atque
767 631 878 723 Italia,
907 631 1126 704 inritamenta
1158 632 1251 730 gulae

193 796 195 802 ,
274 747 507 844 gestabantur,
534 748 762 847 strepentibus
789 753 835 824 ab
858 772 1006 849 utroque
1034 751 1121 826 mari
1148 752 1248 825 itine-

273 868 367 941 ribus
380 868 565 942 :exhausti
583 870 824 944 conviviorum
841 874 1061 970 apparatibus
1079 872 1251 970 principes

272 988 472 1062 civitatum:
500 991 720 1065 vastabantur
745 991 824 1089 ipsa
857 992 1033 1066 civitates:
1061 995 1248 1091 degenera-

272 1112 369 1183 bata
394 1110 511 1185 labore
527 1138 568 1186 ac
592 1114 718 1186 virtute
740 1112 852 1203 miles,
882 1112 1104 1185 adsuetudine
1122 1113 1247 1207 volup·
1301 1185 1302 1189 ,

260 1221 397 1322 tatum,
424 1235 680 1330 &contemptu
706 1231 816 1307 ducis.
865 1231 1032 1305 Praemifit
1051 1232 1085 1302 in
1112 1234 1250 1305 Urbem
1298 1304 1310 1322 ,

235 1370 239 1387 '
272 1352 442 1443 edietum,
474 1379 544 1450 quo
562 1354 775 1427 vocabulum
792 1353 926 1450 Augusti
948 1351 1112 1439 differret,
1143 1351 1248 1444 Casa-

272 1475 319 1543 ris
342 1498 413 1546 non
441 1474 621 1571 reciperet,
651 1474 732 1547 clim
758 1475 803 1545 de
827 1472 995 1570 potestate
1023 1471 1111 1545 nihil
1138 1472 1248 1545 detra-

271 1594 379 1666 heret.
428 1594 518 1667 Pulsi
536 1595 632 1666 ltalia
650 1591 895 1666 mathematici.
945 1593 1098 1665 Cautum
1120 1590 1247 1680 severe,

272 1719 301 1754 “
317 1738 362 1786 ne
377 1715 508 1812 equites
528 1700 682 1789 Romani
699 1713 782 1785 ludo
800 1716 835 1784 δι
858 1713 960 1785 arena
977 1709 1250 1809 polluerentur.’¹

271 1832 405 1907 Priores
428 1833 464 1907 id
482 1833 658 1929 Principes
680 1831 841 1929 pecunitl,
865 1829 1034 1929 &sapius
1051 1831 1100 1921 vi,
1119 1838 1246 1929 perpu-

168 2048 171 2055 .
270 1953 378 2024 lerant
395 1981 404 2024 ε
423 1979 463 2025 ac
481 1955 645 2050 pleraque
668 1951 872 2049 municipia,
901 1956 934 2023 δι
952 1953 1111 2040 coloniae,
1138 1977 1245 2025 aemu-

269 2074 428 2147 labantur
444 2073 738 2170 corruptissimum
756 2097 934 2171 quemque
960 2072 1246 2166 adolescentium,

269 2194 379 2292 pretio
396 2193 545 2268 inlicere.

317 2315 452 2388 LXlll.
478 2315 553 2387 Snn
570 2314 745 2405 Vitellius,
769 2315 920 2388 adventu
946 2313 1068 2406 fratris,
1096 2319 1131 2390 δι
1153 2314 1244 2390 inre·

271 2435 434 2534 pentibus
447 2434 694 2510 dominationis
712 2435 894 2535 magistris,
913 2433 1085 2532 superbior
1102 2443 1135 2510 δι
1153 2455 1245 2511 atro·

270 2557 357 2647 cior,
387 2555 736 2629 occidi-Dolabellam
747 2553 855 2653 juffit,
886 2581 992 2653 quem
1016 2556 1052 2628 in
1069 2555 1245 2629 coloniam

269 2676 484 2772 Aquinatem
502 2674 685 2773 sepositum
709 2678 753 2750 ab
770 2677 911 2750 Othone
927 2676 1117 2749 retulimus.
1168 2679 1245 2749 Do-

268 2796 405 2889 labella,
436 2797 551 2870 auditl
572 2816 683 2870 morte
703 2796 866 2886 Othonis,
896 2798 1033 2871 Urbem
1061 2795 1246 2884 introierat.
1303 2864 1306 2870 ,

253 2918 311 2990 ,Ιά
330 2917 367 2995 ei
389 2918 549 2992 Plancius
565 2920 689 3007 Varus,
712 2921 859 3014 praetural
877 2914 1027 3006 fundus,
1045 2943 1090 2989 ex
1116 2916 1245 2990 intimis

268 3036 461 3109 Dolabella
486 3037 619 3130 amicis,
639 3039 734 3136 apud
764 3037 924 3111 Flavium
946 3037 1127 3127 Sabinum,
1154 3063 1244 3133 prae-

267 3153 399 3228 fectum
416 3156 539 3248 Urbis,
557 3157 696 3255 objecit,
725 3166 943 3256 “tamquam
961 3160 1059 3254 rupta
1075 3155 1244 3245 custodis,

269 3276 444 3353 “ducem
477 3276 510 3350 se
537 3277 641 3350 vidis
671 3278 826 3375 partibus
860 3278 1076 3352 ostentalset:
1111 3277 1246 3350 addidit

268 3402 481 3469 “tentatam
517 3399 711 3487 cohortem,
746 3424 824 3495 quae
852 3399 954 3474 Ostiae
990 3401 1146 3498 ageret:”
1179 3422 1244 3471 nee

228 3523 234 3536 *
268 3513 347 3588 ullis
370 3533 548 3588 tantorum
565 3517 755 3591 criminum
779 3520 1052 3616 probationibus,
1080 3519 1118 3593 in
1136 3518 1244 3616 paeni-

257 3634 412 3709 ,tentiam
440 3633 568 3726 versus,
598 3635 705 3710 seram
734 3637 874 3711 veniam
902 3639 978 3734 post
1005 3639 1114 3720 scelus
1149 3665 1244 3735 quae-

269 3760 375 3837 rebat.
424 3754 655 3835 Condantem
680 3756 778 3856 super
794 3760 888 3833 tanta
912 3782 948 3830 re
971 3754 1131 3836 Flavium
1147 3758 1246 3833 Sabi-
