2806 4694
331 346 733 427 timorum
776 351 889 424 Lre.
929 344 959 420 l.
1105 374 1154 448 43

171 529 202 579 “
217 525 290 610 sare
326 526 492 636 Augusto
514 525 677 617 uictore,
712 524 917 623 imperium3
961 522 1160 604 mansuram

171 653 201 691 “
220 646 333 737 fuisse,
367 649 432 722 sub
464 645 637 745 Pompeio
671 649 862 744 Brutoque,
887 643 1156 743 rempublicam.

60 786 64 792 ⁴
169 774 199 810 “
218 770 326 843 Nunc
350 793 416 866 pro
439 770 598 856 Othone,
620 782 668 841 'an
698 792 768 866 pro.
783 765 938 856 Vitellio,
964 764 1001 837 in
1022 765 1158 862 templa

171 893 200 937 l‘
218 888 354 973 ituros?
378 887 554 987 Utrasque
578 887 705 985 impias
730 912 863 984 preces,
881 906 1028 983 utraque
1045 881 1156 958 detes-

172 1015 201 1055 “
219 1011 324 1082 tanda
345 1030 443 1099 vota,
463 1009 672 1096 interdum,
691 1032 842 1105 quorum
868 1008 962 1083 bello
982 1005 1094 1078 solum
1116 1003 1158 1080 id

173 1136 202 1176 ‘⁸
217 1127 335 1219 scires,
366 1128 573 1214 deteriorem
605 1125 695 1218 fore,
721 1127 782 1225 qui
810 1126 981 1201 viciffet.’'
1032 1128 1157 1214 Erant,

172 1250 234 1349 qui
260 1248 522 1347 vespafianum,
548 1253 581 1322 δι
606 1274 699 1321 arma
719 1249 870 1325 Orientis
882 1266 1155 1344 augurarenturz

174 1374 228 1458 δι,
244 1391 286 1442 ut
305 1369 421 1466 potior
437 1388 584 1466 utroque
599 1367 835 1466 Vespasianus,
864 1368 911 1441 ita
932 1367 1065 1440 bellum
1093 1365 1157 1438 ali·

173 1490 240 1580 ud,
270 1509 377 1587 atque
403 1488 485 1563 alias
515 1490 628 1563 clades
656 1491 857 1564 horrebant.
910 1492 957 1565 Et
989 1486 1158 1585 ambigua

171 1608 228 1683 de‘
246 1611 450 1708 Vespasiano
483 1606 601 1685 lamaz
642 1608 798 1708 solusque
826 1609 988 1692 omnium
1013 1628 1095 1682 ante
1121 1605 1155 1680 sa
1195 1666 1198 1675 .

172 1730 391 1827 Principum,
419 1730 455 1803 in
481 1730 613 1804 melius·
629 1750 784 1816 mutatus
810 1730 867 1811 est.

232 1853 298 1931 LI,
339 1852 459 1929 Nunc
491 1850 590 1925 initia
616 1833 800 1948 causasque
833 1851 949 1931 motrls
980 1847 1161 1925 Vitelliani

172 1971 373 2070 expediam.
421 1972 520 2047 Caeso
536 1999 618 2048 cum
633 1971 800 2051 omnibus
823 1971 933 2068 copiis
954 1969 1052 2067 Julio
1068 1970 1155 2042 Vin·

170 2092 265 2183 dice,
284 2089 382 2166 ferox
401 2094 519 2190 praeds
537 2091 720 2192 glorilque
736 2091 920 2181 exercitus,
938 2091 1064 2180 utoni,
1087 2093 1156 2174 fine

172 2212 289 2287 labore
311 2237 352 2285 ac
382 2212 553 2310 periculo,
580 2213 734 2287 ditisfimi
761 2213 843 2287 belli
863 2212 1006 2286 vicloria
1022 2208 1153 2285 evenis

170 2331 232 2422 set,
250 2331 512 2431 expeditionem
532 2332 712 2422 lsraelem,
741 2334 882 2431 praemia
899 2334 1008 2432 quam
1027 2332 1156 2429 stipen-

171 2438 235 2527 diaY
256 2455 428 2529 malebat:
475 2451 608 2551 diuque
640 2452 887 2529 infrusluosam
928 2459 962 2528 u
1002 2450 1156 2550 asperam

171 2573 333 2650 militiam
354 2576 577 2663 toleraverat,
606 2573 748 2672 ingenio
767 2575 835 2653 loci
853 2575 1013 2673 caelique,
1044 2576 1078 2645 ἃ
1104 2571 1154 2645 se-

172 2695 315 2767 veritate
341 2689 558 2792 disciplinae3
588 2720 698 2792 quam
726 2693 761 2770 in
791 2722 878 2794 pace
903 2695 1158 2769 inexorabilem

171 2812 352 2896 discordiae
374 2813 504 2895 citium
522 2815 711 2907 resolvunt,
742 2815 867 2914 paratis
883 2813 1062 2913 utrimque
1078 2840 1154 2887 cor·
1178 2892 1181 2899 ,

173 2933 392 3032 ruptoribus,
426 2939 458 3007 lle
494 2936 638 3033 perfidia
668 2936 853 3034 impuniti.
919 2935 1008 3026 Viri,
1045 2963 1155 3026 arma,

172 3055 277 3154 equi,
312 3055 358 3128 ad
392 3053 506 3144 usum,
534 3058 568 3129 ὅτ
602 3058 648 3130 ad
676 3058 798 3147 decus,
826 3055 1038 3155 supererant.
1087 3059 1156 3131 Sed

169 3188 260 3261 unte
281 3177 429 3268 bellum,
462 3177 633 3263 centurias¹
666 3178 807 3251 tantum
843 3175 918 3252 suas
956 3176 1156 3275 turmasque

172 3318 360 3372 noverant:
391 3297 563 3374 exercitus
590 3293 720 3375 finibus
743 3297 1002 3396 provinciarum
1030 3296 1154 3372 discer-

173 3420 355 3498 nebantur.
416 3421 515 3492 Tum
548 3420 716 3495 adversus
745 3418 934 3493 Vindicem
968 3422 1156 3493 contracta

174 3538 342 3636 legiones,
371 3537 475 3638 leque
502 3544 535 3612 δε
555 3539 688 3613 Gallias
717 3562 884 3638 experta,
909 3565 1060 3638 querere
1080 3565 1155 3612 rur-

172 3659 353 3750 susanna,
384 3657 560 3758 novasque
577 3658 787 3734 discordias:
816 3687 879 3735 nec
906 3660 1092 3750 “socios,“
1118 3681 1156 3732 ut

171 3779 273 3875 olim,
317 3779 375 3858 sed
410 3788 437 3824 ‘⁴
457 3779 568 3855 hostes
595 3782 629 3854 ἂ
659 3779 792 3861 νίἂοε”
826 3783 1010 3859 vocabant.
1077 3779 1155 3852 Nec
