2844 4704
276 359 344 432 108
496 356 538 430 C.
576 357 821 432 Conuaarr
850 357 1028 433 Tncrrr

275 531 306 568 “
323 525 481 617 consiliis,
519 526 637 601 adfore
664 513 886 619 conatibus,'’
918 530 1146 604 testabantur:
1178 552 1247 604 neu

271 645 349 744 quis
364 647 504 721 obviim
521 647 570 721 ire
585 647 760 723 sententia
782 652 935 740 auderet,
957 650 993 722 in
1011 650 1247 724 adulationem

196 769 202 777 ’
269 771 510 842 concesserant.
553 767 741 866 Postquam
767 771 912 868 pugnari
937 770 1117 869 placitum,
1149 779 1176 814 “
1194 772 1246 843 in-

267 895 299 936 ·“
315 890 433 961 teresse
463 914 590 985 pugnae
619 890 882 986 Imperatorem,
911 917 956 995 an
983 891 1099 988 seponi
1123 889 1246 965 melius

267 1015 298 1055 ·“
318 1007 448 1097 soret,”
471 1007 689 1081 dubitavere.
736 1011 897 1084 Paullino
916 1017 949 1086 &
970 1009 1071 1084 Celso
1082 1009 1156 1108 jam
1173 1022 1246 1083 non

248 1125 542 1216 ¹adversantibus,
572 1153 616 1199 ne
648 1128 846 1227 Principem
881 1130 1052 1228 objestare
1087 1131 1246 1228 periculis

269 1248 481 1336 viderentur,
515 1247 623 1320 iidem
647 1247 696 1318 illi
726 1248 905 1321 deterioris
937 1250 1068 1323 consilii
1094 1252 1246 1324 aussores
1324 1346 1327 1350 ἡ

267 1369 461 1466 perpulere,
491 1377 519 1411 “
537 1390 576 1441 ut
603 1368 793 1441 Brixellum
822 1371 1042 1460 concederet,
1067 1396 1106 1443 ac
1134 1352 1265 1442 dubiis
1308 1397 1310 1400 ’

270 1494 298 1530 “
316 1487 520 1583 proeliontm
537 1510 735 1584 exemptus,
766 1489 913 1581 summae·
925 1515 1041 1563 rerum
1061 1488 1247 1587 &imperii

183 1683 186 1696 .
269 1606 346 1680 “se
375 1605 485 1704 ipsum
518 1606 734 1682 reservaret.''
801 1611 834 1681 ls
863 1609 997 1706 primus
1027 1607 1099 1680 dies
1128 1610 1244 1681 Otho·
1290 1651 1295 1661 ·
1367 1619 1369 1626 '

231 1798 237 1805 .
265 1727 385 1802 uianas
405 1748 516 1825 partes
532 1729 688 1802 adflixit:
713 1755 865 1828 namque
891 1734 924 1802 δι
953 1755 1035 1803 cum
1057 1727 1129 1825 ipso
1154 1728 1244 1825 prae·

266 1848 430 1922 toriarum
479 1849 690 1938 cohortium,
731 1855 780 1923 ⁴&
831 1832 1098 1946 speculatorum,
1145 1848 1242 1946 equi-

267 1990 428 2067 tumque,
454 1969 572 2042 valida
597 1995 720 2043 manus
745 1969 885 2043 discessu
894 1999 904 2057 3
934 1975 967 2042 &
993 1970 1245 2052 remanentium

266 2089 390 2163 sradius
408 2089 563 2164 animus:
594 2093 735 2188 quando
758 2089 897 2187 suspesii
920 2091 1040 2179 duces,
1073 2093 1106 2161 δι
1130 2090 1242 2178 Otho,

265 2211 322 2286 cui
346 2211 406 2285 uni
426 2214 521 2308 apud
544 2210 692 2284 militem
718 2212 816 2299 fides,
842 2210 979 2282 dum&
1002 2206 1071 2305 ipse
1093 2233 1162 2280 non
1180 2206 1242 2280 nifi

265 2333 434 2443 militibus
461 2332 584 2431 credit,
614 2331 759 2431 imperia
785 2333 918 2405 ducum
941 2329 976 2401 in
1001 2327 1133 2401 incerto
1162 2327 1241 2400 reli-

157 2477 158 2480 ’
266 2474 401 2551 querat.
466 2480 467 2485 ¹

314 2577 488 2649 XXXIV.
529 2575 657 2651 Nuus
692 2599 811 2646 eorum
850 2572 1054 2647 Vitellianos
1087 2570 1246 2662 fallebat,

263 2693 404 2783 crebris,
429 2695 519 2767 utin
537 2693 631 2767 civili
655 2694 760 2781 bello,
789 2692 985 2792 transfugiis
993 2723 1004 2781 ;
1026 2699 1059 2768 &
1082 2694 1243 2791 explora-

263 2835 352 2887 tores
369 2816 449 2887 cura
467 2813 599 2888 diversa
614 2812 816 2904 sciscitandi,
840 2813 898 2887 sua
919 2840 991 2888 non
1008 2817 1243 2888 occultabant.

264 2933 384 3031 Qrieti
397 2935 589 3034 intentique
601 2935 741 3009 Caecina
756 2961 798 3008 ac
815 2936 956 3024 Valens,
976 2936 1118 3033 quando
1136 2934 1242 3006 hostis

187 3052 189 3059 ‘
263 3055 494 3153 impmdcntia
512 3078 639 3146 rueret,
668 3055 765 3154 quod
784 3056 863 3128 loco
880 3053 1051 3152 sapientiae
1069 3053 1131 3141 est,
1157 3053 1241 3125 alie-

183 3188 220 3197 ”
264 3200 347 3247 nam
385 3165 573 3251 stultitiam
599 3176 883 3274 opperiebantur,
927 3176 1090 3248 inchoato
1134 3193 1241 3269 ponte

263 3287 440 3368 transitum
480 3297 566 3369 Padi
600 3298 807 3386 simulantes,
849 3295 1011 3369 adversus
1043 3296 1241 3390 oppositam

208 3455 212 3462 1
264 3414 497 3514 gladiatorum
517 3442 674 3506 manum,
705 3443 745 3491 ac
773 3442 817 3489 ne
840 3416 989 3514 ipsorum
1013 3413 1111 3487 miles
1135 3411 1241 3510 segne

264 3537 379 3610 otium
400 3554 532 3606 tereret.
582 3538 714 3626 Nares,
740 3537 812 3634 pari
830 3537 918 3610 inter
930 3535 963 3610 se
979 3534 1099 3632 spatio,
1118 3534 1242 3607 validis

262 3657 438 3751 utrimque
455 3653 611 3726 trabibus
632 3682 813 3745 connexae,
843 3655 1023 3729 adversum
1051 3655 1241 3749 indumen

263 3778 517 3877 dirigebantur,
537 3770 639 3869 jadis
655 3774 753 3873 super
776 3774 923 3865 ancoris,
947 3799 1025 3872 qua
1042 3774 1242 3856 firmitatem
