<?xml version="1.0" encoding="UTF-8"?>
<!DOCTYPE html PUBLIC "-//W3C//DTD XHTML 1.0 Transitional//EN"
    "http://www.w3.org/TR/xhtml1/DTD/xhtml1-transitional.dtd">
<html xmlns="http://www.w3.org/1999/xhtml" xml:lang="en" lang="en">
 <head>
  <title>
</title>
<meta http-equiv="Content-Type" content="text/html;charset=utf-8" />
  <meta name='ocr-system' content='tesseract 3.04.00' />
  <meta name='ocr-capabilities' content='ocr_page ocr_carea ocr_par ocr_line ocrx_word'/>
</head>
<body>
  <div class='ocr_page' id='page_1' title='image "./ccorneliitaciti01freigoog_0270.png"; bbox 0 0 2820 4694; ppageno 0'>
   <div class='ocr_carea' id='block_1_1' title="bbox 171 339 1161 456">
    <p class='ocr_par' dir='ltr' id='par_1_1' title="bbox 171 339 1161 456">
     <span class='ocr_line' id='line_1_1' title="bbox 171 339 1161 456; baseline -0.01 -16"><span class='ocrx_word' id='word_1_1' title='bbox 171 339 176 345; x_wconf 32' lang='lat'><em>⁶</em></span> <span class='ocrx_word' id='word_1_2' title='bbox 279 355 991 448; x_wconf 72' lang='lat' dir='ltr'>,HistontnnouLia.1V.</span> <span class='ocrx_word' id='word_1_3' title='bbox 1091 358 1161 456; x_wconf 78' lang='lat'>265</span> 
     </span>
    </p>
   </div>
   <div class='ocr_carea' id='block_1_2' title="bbox 115 524 1264 1108">
    <p class='ocr_par' dir='ltr' id='par_1_2' title="bbox 115 524 1264 977">
     <span class='ocr_line' id='line_1_2' title="bbox 184 524 1254 625; baseline -0.003 -23"><span class='ocrx_word' id='word_1_4' title='bbox 184 551 298 625; x_wconf 88' lang='lat' dir='ltr'>neque</span> <span class='ocrx_word' id='word_1_5' title='bbox 314 528 431 602; x_wconf 93' lang='lat' dir='ltr'>animo</span> <span class='ocrx_word' id='word_1_6' title='bbox 448 527 524 601; x_wconf 82' lang='lat' dir='ltr'>satis</span> <span class='ocrx_word' id='word_1_7' title='bbox 541 529 738 602; x_wconf 84' lang='lat' dir='ltr'>affirmans:</span> <span class='ocrx_word' id='word_1_8' title='bbox 769 533 804 601; x_wconf 78' lang='lat' dir='ltr'>tc</span> <span class='ocrx_word' id='word_1_9' title='bbox 821 529 904 603; x_wconf 75' lang='lat' dir='ltr'>cum</span> <span class='ocrx_word' id='word_1_10' title='bbox 926 545 1039 602; x_wconf 86' lang='lat' dir='ltr'>cetera</span> <span class='ocrx_word' id='word_1_11' title='bbox 1059 524 1164 623; x_wconf 83' lang='lat' dir='ltr'>juris·</span> <span class='ocrx_word' id='word_1_12' title='bbox 1252 525 1254 528; x_wconf 42' lang='lat'><em>⁴</em></span> 
     </span>
     <span class='ocr_line' id='line_1_3' title="bbox 177 646 1168 746; baseline -0.001 -24"><span class='ocrx_word' id='word_1_13' title='bbox 177 646 317 746; x_wconf 86' lang='lat' dir='ltr'>jurandi</span> <span class='ocrx_word' id='word_1_14' title='bbox 344 652 452 722; x_wconf 87' lang='lat' dir='ltr'>verba</span> <span class='ocrx_word' id='word_1_15' title='bbox 479 649 719 746; x_wconf 59' lang='lat' dir='ltr'>&#39;conciperem</span> <span class='ocrx_word' id='word_1_16' title='bbox 748 654 776 692; x_wconf 89' lang='lat'><strong>“</strong></span> <span class='ocrx_word' id='word_1_17' title='bbox 794 647 1011 746; x_wconf 82' lang='lat' dir='ltr'>Vespasiani&#39;’</span> <span class='ocrx_word' id='word_1_18' title='bbox 1039 672 1168 721; x_wconf 90' lang='lat' dir='ltr'>nomen</span> 
     </span>
     <span class='ocr_line' id='line_1_4' title="bbox 115 751 1264 867; baseline -0.001 -27"><span class='ocrx_word' id='word_1_19' title='bbox 115 781 120 789; x_wconf 84' lang='grc'><em>“</em></span> <span class='ocrx_word' id='word_1_20' title='bbox 183 769 386 858; x_wconf 71' lang='lat' dir='ltr'>haesitantes,</span> <span class='ocrx_word' id='word_1_21' title='bbox 410 790 470 841; x_wconf 88' lang='lat' dir='ltr'>aut</span> <span class='ocrx_word' id='word_1_22' title='bbox 494 769 563 842; x_wconf 84' lang='lat' dir='ltr'>levi</span> <span class='ocrx_word' id='word_1_23' title='bbox 581 794 769 861; x_wconf 89' lang='lat' dir='ltr'>murmure,</span> <span class='ocrx_word' id='word_1_24' title='bbox 789 771 822 841; x_wconf 88' lang='lat'>&amp;</span> <span class='ocrx_word' id='word_1_25' title='bbox 840 768 1049 867; x_wconf 84' lang='lat' dir='ltr'>plerumque</span> <span class='ocrx_word' id='word_1_26' title='bbox 1065 768 1164 840; x_wconf 75' lang='lat' dir='ltr'>sileo·</span> <span class='ocrx_word' id='word_1_27' title='bbox 1259 751 1264 754; x_wconf 16' lang='grc' dir='ltr'><strong><em>Δ</em></strong></span> 
     </span>
     <span class='ocr_line' id='line_1_5' title="bbox 160 887 533 977; baseline 0.003 -16"><span class='ocrx_word' id='word_1_28' title='bbox 160 970 162 977; x_wconf 9' lang='grc' dir='ltr'>ᾗ</span> <span class='ocrx_word' id='word_1_29' title='bbox 183 887 232 963; x_wconf 93' lang='lat' dir='ltr'>tio</span> <span class='ocrx_word' id='word_1_30' title='bbox 250 888 533 963; x_wconf 85' lang='lat' dir='ltr'>transmittebant.</span> 
     </span>
    </p>

    <p class='ocr_par' dir='ltr' id='par_1_3' title="bbox 233 994 1163 1108">
     <span class='ocr_line' id='line_1_6' title="bbox 233 994 1163 1108; baseline -0.003 -24"><span class='ocrx_word' id='word_1_31' title='bbox 233 1012 390 1084; x_wconf 89' lang='lat' dir='ltr'><strong>XXXII.</strong></span> <span class='ocrx_word' id='word_1_32' title='bbox 412 994 566 1084; x_wconf 63' lang='lat' dir='ltr'>Luem</span> <span class='ocrx_word' id='word_1_33' title='bbox 583 1009 710 1083; x_wconf 88' lang='lat' dir='ltr'>deinde</span> <span class='ocrx_word' id='word_1_34' title='bbox 735 1036 798 1107; x_wconf 83' lang='lat' dir='ltr'>pto</span> <span class='ocrx_word' id='word_1_35' title='bbox 824 1010 994 1084; x_wconf 85' lang='lat' dir='ltr'>concione</span> <span class='ocrx_word' id='word_1_36' title='bbox 1009 1007 1163 1108; x_wconf 78' lang='lat' dir='ltr'>epistolae</span> 
     </span>
    </p>
   </div>
   <div class='ocr_carea' id='block_1_3' title="bbox 87 1117 1285 1229">
    <p class='ocr_par' dir='ltr' id='par_1_4' title="bbox 87 1117 1285 1229">
     <span class='ocr_line' id='line_1_7' title="bbox 87 1117 1285 1229; baseline -0.004 -23"><span class='ocrx_word' id='word_1_37' title='bbox 87 1117 89 1126; x_wconf 24' lang='grc' dir='ltr'>ι</span> <span class='ocrx_word' id='word_1_38' title='bbox 184 1131 333 1206; x_wconf 89' lang='lat' dir='ltr'>Antonii</span> <span class='ocrx_word' id='word_1_39' title='bbox 362 1132 407 1204; x_wconf 86' lang='lat' dir='ltr'>ad</span> <span class='ocrx_word' id='word_1_40' title='bbox 435 1131 601 1219; x_wconf 83' lang='lat' dir='ltr'>Civilem,</span> <span class='ocrx_word' id='word_1_41' title='bbox 630 1129 836 1229; x_wconf 81' lang='lat' dir='ltr'><strong>suspiciones</strong></span> <span class='ocrx_word' id='word_1_42' title='bbox 864 1130 1013 1204; x_wconf 86' lang='lat' dir='ltr'>militum</span> <span class='ocrx_word' id='word_1_43' title='bbox 1043 1130 1165 1203; x_wconf 88' lang='lat' dir='ltr'>inrita·</span> <span class='ocrx_word' id='word_1_44' title='bbox 1276 1147 1285 1161; x_wconf 88' lang='lat'><strong>·</strong></span> 
     </span>
    </p>
   </div>
   <div class='ocr_carea' id='block_1_4' title="bbox 184 1249 1167 1349">
    <p class='ocr_par' dir='ltr' id='par_1_5' title="bbox 184 1249 1167 1349">
     <span class='ocr_line' id='line_1_8' title="bbox 184 1249 1167 1349; baseline 0.001 -26"><span class='ocrx_word' id='word_1_45' title='bbox 184 1253 280 1341; x_wconf 67' lang='lat' dir='ltr'>vere,</span> <span class='ocrx_word' id='word_1_46' title='bbox 305 1274 489 1349; x_wconf 88' lang='lat' dir='ltr'>tamquam</span> <span class='ocrx_word' id='word_1_47' title='bbox 510 1253 554 1326; x_wconf 92' lang='lat' dir='ltr'>ad</span> <span class='ocrx_word' id='word_1_48' title='bbox 572 1251 700 1325; x_wconf 88' lang='lat' dir='ltr'>socium</span> <span class='ocrx_word' id='word_1_49' title='bbox 719 1251 868 1348; x_wconf 87' lang='lat' dir='ltr'>partium</span> <span class='ocrx_word' id='word_1_50' title='bbox 897 1249 1042 1349; x_wconf 74' lang='lat' dir='ltr'>scripta,</span> <span class='ocrx_word' id='word_1_51' title='bbox 1069 1256 1103 1326; x_wconf 83' lang='lat'>&amp;</span> <span class='ocrx_word' id='word_1_52' title='bbox 1120 1253 1167 1324; x_wconf 87' lang='lat' dir='ltr'>de</span> 
     </span>
    </p>
   </div>
   <div class='ocr_carea' id='block_1_5' title="bbox 170 1363 1308 1460">
    <p class='ocr_par' dir='ltr' id='par_1_6' title="bbox 170 1363 1308 1460">
     <span class='ocr_line' id='line_1_9' title="bbox 170 1363 1308 1460; baseline -0.004 -14"><span class='ocrx_word' id='word_1_53' title='bbox 170 1373 403 1447; x_wconf 54' lang='lat' dir='ltr'>¹Germanico</span> <span class='ocrx_word' id='word_1_54' title='bbox 419 1371 571 1445; x_wconf 86' lang='lat' dir='ltr'>exercitu</span> <span class='ocrx_word' id='word_1_55' title='bbox 588 1372 764 1446; x_wconf 89' lang='lat' dir='ltr'>hostiliter.</span> <span class='ocrx_word' id='word_1_56' title='bbox 821 1374 930 1460; x_wconf 87' lang='lat' dir='ltr'>Mox,</span> <span class='ocrx_word' id='word_1_57' title='bbox 945 1370 1067 1444; x_wconf 86' lang='lat' dir='ltr'>adlatis</span> <span class='ocrx_word' id='word_1_58' title='bbox 1079 1373 1164 1446; x_wconf 89' lang='lat' dir='ltr'>Gel-</span> <span class='ocrx_word' id='word_1_59' title='bbox 1230 1429 1233 1435; x_wconf 88' lang='lat'><em>.</em></span> <span class='ocrx_word' id='word_1_60' title='bbox 1303 1363 1308 1371; x_wconf 71' lang='grc'><em>’</em></span> 
     </span>
    </p>
   </div>
   <div class='ocr_carea' id='block_1_6' title="bbox 89 1491 1280 3163">
    <p class='ocr_par' dir='ltr' id='par_1_7' title="bbox 89 1491 1280 3163">
     <span class='ocr_line' id='line_1_10' title="bbox 185 1491 1164 1591; baseline 0 -25"><span class='ocrx_word' id='word_1_61' title='bbox 185 1494 319 1567; x_wconf 89' lang='lat' dir='ltr'>dubam</span> <span class='ocrx_word' id='word_1_62' title='bbox 348 1493 383 1568; x_wconf 91' lang='lat' dir='ltr'>in</span> <span class='ocrx_word' id='word_1_63' title='bbox 408 1492 516 1566; x_wconf 87' lang='lat' dir='ltr'>castra</span> <span class='ocrx_word' id='word_1_64' title='bbox 540 1493 681 1583; x_wconf 88' lang='lat' dir='ltr'>nuntiis,</span> <span class='ocrx_word' id='word_1_65' title='bbox 707 1493 830 1566; x_wconf 87' lang='lat' dir='ltr'>eadem</span> <span class='ocrx_word' id='word_1_66' title='bbox 854 1491 961 1583; x_wconf 75' lang='lat' dir='ltr'>diua,</span> <span class='ocrx_word' id='word_1_67' title='bbox 986 1491 1164 1591; x_wconf 67' lang='lat' dir='ltr'>faetaque:</span> 
     </span>
     <span class='ocr_line' id='line_1_11' title="bbox 185 1613 1162 1703; baseline -0.001 -15"><span class='ocrx_word' id='word_1_68' title='bbox 185 1619 220 1688; x_wconf 77' lang='grc' dir='ltr'>δι</span> <span class='ocrx_word' id='word_1_69' title='bbox 252 1615 368 1688; x_wconf 74' lang='lat' dir='ltr'>missus</span> <span class='ocrx_word' id='word_1_70' title='bbox 396 1640 479 1689; x_wconf 88' lang='lat' dir='ltr'>cum</span> <span class='ocrx_word' id='word_1_71' title='bbox 503 1614 675 1687; x_wconf 85' lang='lat' dir='ltr'>mandatis</span> <span class='ocrx_word' id='word_1_72' title='bbox 696 1616 889 1687; x_wconf 83' lang='lat' dir='ltr'>Montanus</span> <span class='ocrx_word' id='word_1_73' title='bbox 925 1615 969 1686; x_wconf 89' lang='lat' dir='ltr'>ad</span> <span class='ocrx_word' id='word_1_74' title='bbox 997 1613 1162 1703; x_wconf 84' lang='lat' dir='ltr'>Civilem,</span> 
     </span>
     <span class='ocr_line' id='line_1_12' title="bbox 185 1731 1164 1810; baseline 0 -3"><span class='ocrx_word' id='word_1_75' title='bbox 185 1743 212 1778; x_wconf 91' lang='lat'><strong>“</strong></span> <span class='ocrx_word' id='word_1_76' title='bbox 230 1756 269 1808; x_wconf 90' lang='lat' dir='ltr'>ut</span> <span class='ocrx_word' id='word_1_77' title='bbox 286 1736 456 1810; x_wconf 82' lang='lat' dir='ltr'>abfisteret</span> <span class='ocrx_word' id='word_1_78' title='bbox 473 1737 585 1808; x_wconf 86' lang='lat' dir='ltr'>bello:</span> <span class='ocrx_word' id='word_1_79' title='bbox 613 1760 700 1808; x_wconf 88' lang='lat' dir='ltr'>neve</span> <span class='ocrx_word' id='word_1_80' title='bbox 717 1755 858 1808; x_wconf 86' lang='lat' dir='ltr'>externa</span> <span class='ocrx_word' id='word_1_81' title='bbox 875 1733 977 1807; x_wconf 85' lang='lat' dir='ltr'>armis</span> <span class='ocrx_word' id='word_1_82' title='bbox 998 1731 1087 1808; x_wconf 84' lang='lat' dir='ltr'>falfis</span> <span class='ocrx_word' id='word_1_83' title='bbox 1103 1760 1164 1808; x_wconf 87' lang='lat' dir='ltr'>ve·</span> 
     </span>
     <span class='ocr_line' id='line_1_13' title="bbox 185 1853 1164 1953; baseline 0 -25"><span class='ocrx_word' id='word_1_84' title='bbox 185 1863 213 1899; x_wconf 91' lang='lat'><strong>“</strong></span> <span class='ocrx_word' id='word_1_85' title='bbox 233 1858 327 1929; x_wconf 80' lang='lat' dir='ltr'>latet.</span> <span class='ocrx_word' id='word_1_86' title='bbox 378 1856 412 1930; x_wconf 92' lang='lat' dir='ltr'>Si</span> <span class='ocrx_word' id='word_1_87' title='bbox 442 1855 683 1953; x_wconf 78' lang='lat' dir='ltr'>Vespasianum</span> <span class='ocrx_word' id='word_1_88' title='bbox 701 1853 825 1953; x_wconf 89' lang='lat' dir='ltr'>juvare</span> <span class='ocrx_word' id='word_1_89' title='bbox 854 1855 1031 1952; x_wconf 84' lang='lat' dir='ltr'>adgreffus</span> <span class='ocrx_word' id='word_1_90' title='bbox 1060 1854 1164 1948; x_wconf 86' lang='lat' dir='ltr'>foret,</span> 
     </span>
     <span class='ocr_line' id='line_1_14' title="bbox 185 1973 1166 2073; baseline -0.003 -23"><span class='ocrx_word' id='word_1_91' title='bbox 185 1983 213 2020; x_wconf 88' lang='lat'><strong>“</strong></span> <span class='ocrx_word' id='word_1_92' title='bbox 231 1975 441 2052; x_wconf 66' lang='lat' dir='ltr'>satisfattum</span> <span class='ocrx_word' id='word_1_93' title='bbox 461 1977 621 2073; x_wconf 81' lang='lat' dir='ltr'>eoeptis.&#39;&#39;</span> <span class='ocrx_word' id='word_1_94' title='bbox 670 1978 730 2049; x_wconf 91' lang='lat' dir='ltr'>Ad</span> <span class='ocrx_word' id='word_1_95' title='bbox 746 2000 787 2048; x_wconf 89' lang='lat' dir='ltr'>ea</span> <span class='ocrx_word' id='word_1_96' title='bbox 802 1975 939 2066; x_wconf 88' lang='lat' dir='ltr'>Civilis,</span> <span class='ocrx_word' id='word_1_97' title='bbox 966 1973 1078 2073; x_wconf 72' lang='lat' dir='ltr'>primo</span> <span class='ocrx_word' id='word_1_98' title='bbox 1094 1977 1166 2048; x_wconf 90' lang='lat' dir='ltr'>cal-</span> 
     </span>
     <span class='ocr_line' id='line_1_15' title="bbox 183 2092 1165 2196; baseline -0.002 -26"><span class='ocrx_word' id='word_1_99' title='bbox 183 2097 273 2171; x_wconf 70' lang='lat' dir='ltr'>tide:</span> <span class='ocrx_word' id='word_1_100' title='bbox 293 2097 389 2196; x_wconf 67' lang='lat' dir='ltr'>post,</span> <span class='ocrx_word' id='word_1_101' title='bbox 400 2098 462 2172; x_wconf 91' lang='lat' dir='ltr'>ubi</span> <span class='ocrx_word' id='word_1_102' title='bbox 480 2098 576 2173; x_wconf 88' lang='lat' dir='ltr'>videt</span> <span class='ocrx_word' id='word_1_103' title='bbox 593 2101 807 2172; x_wconf 83' lang='lat' dir='ltr'>Montanum</span> <span class='ocrx_word' id='word_1_104' title='bbox 825 2092 1047 2192; x_wconf 83' lang='lat' dir='ltr'>praeferocem</span> <span class='ocrx_word' id='word_1_105' title='bbox 1066 2095 1165 2192; x_wconf 84' lang='lat' dir='ltr'>inge·</span> 
     </span>
     <span class='ocr_line' id='line_1_16' title="bbox 176 2213 1265 2318; baseline -0.005 -26"><span class='ocrx_word' id='word_1_106' title='bbox 176 2219 254 2310; x_wconf 81' lang='lat' dir='ltr'>nio,</span> <span class='ocrx_word' id='word_1_107' title='bbox 274 2241 503 2318; x_wconf 87' lang='lat' dir='ltr'>paratumque</span> <span class='ocrx_word' id='word_1_108' title='bbox 520 2218 556 2290; x_wconf 91' lang='lat' dir='ltr'>in</span> <span class='ocrx_word' id='word_1_109' title='bbox 573 2241 626 2291; x_wconf 88' lang='lat' dir='ltr'>res</span> <span class='ocrx_word' id='word_1_110' title='bbox 646 2241 769 2307; x_wconf 88' lang='lat' dir='ltr'>novas,</span> <span class='ocrx_word' id='word_1_111' title='bbox 788 2213 881 2288; x_wconf 87' lang='lat' dir='ltr'>orsus</span> <span class='ocrx_word' id='word_1_112' title='bbox 897 2239 918 2285; x_wconf 89' lang='lat' dir='ltr'>a</span> <span class='ocrx_word' id='word_1_113' title='bbox 934 2215 1056 2311; x_wconf 89' lang='lat' dir='ltr'>questu</span> <span class='ocrx_word' id='word_1_114' title='bbox 1074 2215 1166 2312; x_wconf 89' lang='lat' dir='ltr'>peri·</span> <span class='ocrx_word' id='word_1_115' title='bbox 1262 2233 1265 2237; x_wconf 84' lang='grc'>’</span> 
     </span>
     <span class='ocr_line' id='line_1_17' title="bbox 182 2332 1165 2444; baseline -0.006 -30"><span class='ocrx_word' id='word_1_116' title='bbox 182 2339 351 2438; x_wconf 88' lang='lat' dir='ltr'>culisque,</span> <span class='ocrx_word' id='word_1_117' title='bbox 370 2367 450 2439; x_wconf 84' lang='lat' dir='ltr'>quae</span> <span class='ocrx_word' id='word_1_118' title='bbox 468 2364 529 2436; x_wconf 87' lang='lat' dir='ltr'>per</span> <span class='ocrx_word' id='word_1_119' title='bbox 545 2337 701 2437; x_wconf 91' lang='lat' dir='ltr'>quinque</span> <span class='ocrx_word' id='word_1_120' title='bbox 718 2341 752 2410; x_wconf 89' lang='lat'>&amp;</span> <span class='ocrx_word' id='word_1_121' title='bbox 771 2333 1023 2444; x_wconf 32' lang='lat' dir='ltr'>vigintilannos</span> <span class='ocrx_word' id='word_1_122' title='bbox 1042 2332 1077 2405; x_wconf 93' lang='lat' dir='ltr'>in</span> <span class='ocrx_word' id='word_1_123' title='bbox 1095 2334 1165 2408; x_wconf 88' lang='lat' dir='ltr'>eas-</span> 
     </span>
     <span class='ocr_line' id='line_1_18' title="bbox 154 2438 1239 2554; baseline -0.003 -23"><span class='ocrx_word' id='word_1_124' title='bbox 154 2459 242 2534; x_wconf 67' lang='lat' dir='ltr'>=tris</span> <span class='ocrx_word' id='word_1_125' title='bbox 275 2459 449 2534; x_wconf 88' lang='lat' dir='ltr'>Romanis</span> <span class='ocrx_word' id='word_1_126' title='bbox 483 2459 706 2532; x_wconf 84' lang='lat' dir='ltr'>exhaufiffet:</span> <span class='ocrx_word' id='word_1_127' title='bbox 748 2464 775 2500; x_wconf 89' lang='lat'><strong>“</strong></span> <span class='ocrx_word' id='word_1_128' title='bbox 795 2455 1033 2554; x_wconf 83' lang='lat' dir='ltr'>Egregium”·</span> <span class='ocrx_word' id='word_1_129' title='bbox 1049 2453 1165 2552; x_wconf 89' lang='lat' dir='ltr'>inquit</span> <span class='ocrx_word' id='word_1_130' title='bbox 1236 2438 1239 2451; x_wconf 32' lang='lat' dir='ltr'><em>s</em></span> 
     </span>
     <span class='ocr_line' id='line_1_19' title="bbox 121 2575 1194 2677; baseline -0.005 -24"><span class='ocrx_word' id='word_1_131' title='bbox 121 2592 123 2606; x_wconf 87' lang='lat'>&#39;</span> <span class='ocrx_word' id='word_1_132' title='bbox 182 2585 211 2621; x_wconf 90' lang='lat'><strong>“</strong></span> <span class='ocrx_word' id='word_1_133' title='bbox 232 2580 382 2677; x_wconf 87' lang='lat' dir='ltr'>pretium</span> <span class='ocrx_word' id='word_1_134' title='bbox 394 2578 522 2654; x_wconf 89' lang='lat' dir='ltr'>laboris</span> <span class='ocrx_word' id='word_1_135' title='bbox 539 2577 667 2676; x_wconf 87' lang='lat' dir='ltr'>recepi,</span> <span class='ocrx_word' id='word_1_136' title='bbox 688 2603 810 2653; x_wconf 88' lang='lat' dir='ltr'>necem</span> <span class='ocrx_word' id='word_1_137' title='bbox 825 2576 952 2667; x_wconf 87' lang='lat' dir='ltr'>fratris,</span> <span class='ocrx_word' id='word_1_138' title='bbox 976 2575 1166 2650; x_wconf 85' lang='lat' dir='ltr'>&amp;vincula</span> <span class='ocrx_word' id='word_1_139' title='bbox 1192 2585 1194 2662; x_wconf 65' lang='grc' dir='ltr'>ᾗ</span> 
     </span>
     <span class='ocr_line' id='line_1_20' title="bbox 184 2694 1164 2797; baseline -0.001 -28"><span class='ocrx_word' id='word_1_140' title='bbox 184 2703 212 2740; x_wconf 86' lang='grc'><strong>“</strong></span> <span class='ocrx_word' id='word_1_141' title='bbox 232 2722 323 2788; x_wconf 89' lang='lat' dir='ltr'>mea,</span> <span class='ocrx_word' id='word_1_142' title='bbox 352 2705 384 2772; x_wconf 89' lang='lat'>&amp;</span> <span class='ocrx_word' id='word_1_143' title='bbox 413 2699 607 2773; x_wconf 85' lang='lat' dir='ltr'>saeviffimas</span> <span class='ocrx_word' id='word_1_144' title='bbox 632 2697 732 2797; x_wconf 87' lang='lat' dir='ltr'>hujus</span> <span class='ocrx_word' id='word_1_145' title='bbox 750 2699 921 2774; x_wconf 73' lang='lat' dir='ltr'>exercitus</span> <span class='ocrx_word' id='word_1_146' title='bbox 942 2720 1060 2785; x_wconf 86' lang='lat' dir='ltr'>voces,</span> <span class='ocrx_word' id='word_1_147' title='bbox 1086 2694 1164 2792; x_wconf 92' lang='lat' dir='ltr'>qui·</span> 
     </span>
     <span class='ocr_line' id='line_1_21' title="bbox 184 2816 1166 2918; baseline 0.001 -28"><span class='ocrx_word' id='word_1_148' title='bbox 184 2822 213 2860; x_wconf 88' lang='lat'>“</span> <span class='ocrx_word' id='word_1_149' title='bbox 231 2818 297 2890; x_wconf 88' lang='lat' dir='ltr'>bus</span> <span class='ocrx_word' id='word_1_150' title='bbox 313 2818 357 2890; x_wconf 91' lang='lat' dir='ltr'>ad</span> <span class='ocrx_word' id='word_1_151' title='bbox 375 2817 584 2916; x_wconf 80' lang='lat' dir='ltr'>supplicium</span> <span class='ocrx_word' id='word_1_152' title='bbox 604 2819 744 2917; x_wconf 85' lang='lat' dir='ltr'>petitus,</span> <span class='ocrx_word' id='word_1_153' title='bbox 766 2818 844 2918; x_wconf 88' lang='lat' dir='ltr'>jure</span> <span class='ocrx_word' id='word_1_154' title='bbox 868 2816 1166 2918; x_wconf 80' lang='lat' dir='ltr'>gentiumpoenas</span> 
     </span>
     <span class='ocr_line' id='line_1_22' title="bbox 89 2935 1167 3037; baseline 0.003 -28"><span class='ocrx_word' id='word_1_155' title='bbox 89 3019 93 3024; x_wconf 48' lang='grc'><em>,</em></span> <span class='ocrx_word' id='word_1_156' title='bbox 185 2944 213 2980; x_wconf 85' lang='grc'><strong>“</strong></span> <span class='ocrx_word' id='word_1_157' title='bbox 231 2935 397 3034; x_wconf 76' lang='lat' dir='ltr'>repose&#39;o:</span> <span class='ocrx_word' id='word_1_158' title='bbox 427 2964 497 3012; x_wconf 70' lang='lat' dir='ltr'>voa</span> <span class='ocrx_word' id='word_1_159' title='bbox 515 2960 634 3014; x_wconf 87' lang='lat' dir='ltr'>autem</span> <span class='ocrx_word' id='word_1_160' title='bbox 659 2940 817 3030; x_wconf 86' lang='lat' dir='ltr'>Treveri,</span> <span class='ocrx_word' id='word_1_161' title='bbox 847 2961 1037 3037; x_wconf 72' lang='lat' dir='ltr'>ceteiaeque</span> <span class='ocrx_word' id='word_1_162' title='bbox 1060 2936 1167 3012; x_wconf 86' lang='lat' dir='ltr'>servi·</span> 
     </span>
     <span class='ocr_line' id='line_1_23' title="bbox 186 3058 1280 3163; baseline 0.003 -32"><span class='ocrx_word' id='word_1_163' title='bbox 186 3058 369 3131; x_wconf 89' lang='lat' dir='ltr'>“entium</span> <span class='ocrx_word' id='word_1_164' title='bbox 401 3060 541 3151; x_wconf 86' lang='lat' dir='ltr'>animae,</span> <span class='ocrx_word' id='word_1_165' title='bbox 581 3061 678 3160; x_wconf 90' lang='lat' dir='ltr'>quod</span> <span class='ocrx_word' id='word_1_166' title='bbox 707 3060 892 3158; x_wconf 78' lang='lat' dir='ltr'>praemium</span> <span class='ocrx_word' id='word_1_167' title='bbox 920 3061 1014 3163; x_wconf 76' lang='lat' dir='ltr'>effusi</span> <span class='ocrx_word' id='word_1_168' title='bbox 1041 3059 1168 3134; x_wconf 71' lang='lat' dir='ltr'>totiens</span> <span class='ocrx_word' id='word_1_169' title='bbox 1277 3072 1280 3077; x_wconf 80' lang='grc'><strong>’</strong></span> 
     </span>
    </p>
   </div>
   <div class='ocr_carea' id='block_1_7' title="bbox 185 3177 1283 3278">
    <p class='ocr_par' dir='ltr' id='par_1_8' title="bbox 185 3177 1283 3278">
     <span class='ocr_line' id='line_1_24' title="bbox 185 3177 1283 3278; baseline 0.006 -26"><span class='ocrx_word' id='word_1_170' title='bbox 185 3177 407 3277; x_wconf 84' lang='lat' dir='ltr'>“sanguinis</span> <span class='ocrx_word' id='word_1_171' title='bbox 436 3178 651 3278; x_wconf 67' lang='lat' dir='ltr'>exspeetatis,</span> <span class='ocrx_word' id='word_1_172' title='bbox 681 3180 743 3254; x_wconf 81' lang='lat' dir='ltr'>nisi</span> <span class='ocrx_word' id='word_1_173' title='bbox 776 3179 951 3278; x_wconf 83' lang='lat' dir='ltr'>ingratam</span> <span class='ocrx_word' id='word_1_174' title='bbox 989 3180 1165 3273; x_wconf 88' lang='lat' dir='ltr'>militiam,</span> <span class='ocrx_word' id='word_1_175' title='bbox 1279 3243 1283 3259; x_wconf 93' lang='lat'><em>.</em></span> 
     </span>
    </p>
   </div>
   <div class='ocr_carea' id='block_1_8' title="bbox 160 3299 1166 3886">
    <p class='ocr_par' dir='ltr' id='par_1_9' title="bbox 160 3299 1166 3886">
     <span class='ocr_line' id='line_1_25' title="bbox 186 3299 1166 3401; baseline 0.002 -27"><span class='ocrx_word' id='word_1_176' title='bbox 186 3300 445 3374; x_wconf 83' lang='lat' dir='ltr'>“immortalia</span> <span class='ocrx_word' id='word_1_177' title='bbox 472 3304 613 3393; x_wconf 83' lang='lat' dir='ltr'>tributa,</span> <span class='ocrx_word' id='word_1_178' title='bbox 644 3301 773 3401; x_wconf 85' lang='lat' dir='ltr'>virgas,</span> <span class='ocrx_word' id='word_1_179' title='bbox 811 3299 957 3391; x_wconf 84' lang='lat' dir='ltr'>secures,</span> <span class='ocrx_word' id='word_1_180' title='bbox 991 3304 1025 3372; x_wconf 73' lang='grc' dir='ltr'>δι</span> <span class='ocrx_word' id='word_1_181' title='bbox 1049 3303 1166 3376; x_wconf 89' lang='lat' dir='ltr'>domi·</span> 
     </span>
     <span class='ocr_line' id='line_1_26' title="bbox 160 3417 1166 3521; baseline 0 -25"><span class='ocrx_word' id='word_1_182' title='bbox 160 3430 213 3511; x_wconf 55' lang='grc'>,“</span> <span class='ocrx_word' id='word_1_183' title='bbox 231 3448 359 3497; x_wconf 91' lang='lat' dir='ltr'>norum</span> <span class='ocrx_word' id='word_1_184' title='bbox 383 3421 551 3521; x_wconf 84' lang='lat' dir='ltr'>ingenia?</span> <span class='ocrx_word' id='word_1_185' title='bbox 587 3426 644 3496; x_wconf 90' lang='lat' dir='ltr'>En</span> <span class='ocrx_word' id='word_1_186' title='bbox 672 3446 740 3521; x_wconf 88' lang='lat' dir='ltr'>ego</span> <span class='ocrx_word' id='word_1_187' title='bbox 766 3418 949 3518; x_wconf 71' lang='lat' dir='ltr'>praefeetus</span> <span class='ocrx_word' id='word_1_188' title='bbox 975 3417 1076 3502; x_wconf 86' lang='lat' dir='ltr'>unius</span> <span class='ocrx_word' id='word_1_189' title='bbox 1104 3448 1166 3496; x_wconf 90' lang='lat' dir='ltr'>co·</span> 
     </span>
     <span class='ocr_line' id='line_1_27' title="bbox 184 3540 1166 3642; baseline 0 -27"><span class='ocrx_word' id='word_1_190' title='bbox 184 3550 212 3591; x_wconf 89' lang='lat'><strong>“</strong></span> <span class='ocrx_word' id='word_1_191' title='bbox 230 3543 351 3634; x_wconf 87' lang='lat' dir='ltr'>hortis,</span> <span class='ocrx_word' id='word_1_192' title='bbox 377 3548 411 3616; x_wconf 77' lang='grc' dir='ltr'>δι</span> <span class='ocrx_word' id='word_1_193' title='bbox 440 3542 682 3617; x_wconf 87' lang='lat' dir='ltr'>Canninefates</span> <span class='ocrx_word' id='word_1_194' title='bbox 705 3540 909 3639; x_wconf 87' lang='lat' dir='ltr'>Batavique,</span> <span class='ocrx_word' id='word_1_195' title='bbox 938 3541 1064 3642; x_wconf 85' lang='lat' dir='ltr'>exigua</span> <span class='ocrx_word' id='word_1_196' title='bbox 1081 3544 1166 3616; x_wconf 87' lang='lat' dir='ltr'>Gal·</span> 
     </span>
     <span class='ocr_line' id='line_1_28' title="bbox 186 3658 1164 3768; baseline -0.003 -34"><span class='ocrx_word' id='word_1_197' title='bbox 186 3669 214 3707; x_wconf 88' lang='lat'>“</span> <span class='ocrx_word' id='word_1_198' title='bbox 231 3658 355 3738; x_wconf 86' lang='lat' dir='ltr'>liarum</span> <span class='ocrx_word' id='word_1_199' title='bbox 372 3663 497 3762; x_wconf 88' lang='lat' dir='ltr'>portio,</span> <span class='ocrx_word' id='word_1_200' title='bbox 526 3689 616 3737; x_wconf 87' lang='lat' dir='ltr'>vana</span> <span class='ocrx_word' id='word_1_201' title='bbox 641 3663 700 3768; x_wconf 86' lang='lat' dir='ltr'>illa</span> <span class='ocrx_word' id='word_1_202' title='bbox 722 3661 908 3736; x_wconf 85' lang='lat' dir='ltr'>castrorum</span> <span class='ocrx_word' id='word_1_203' title='bbox 932 3660 1039 3761; x_wconf 88' lang='lat' dir='ltr'>spatia</span> <span class='ocrx_word' id='word_1_204' title='bbox 1055 3660 1164 3734; x_wconf 86' lang='lat' dir='ltr'>exsci-</span> 
     </span>
     <span class='ocr_line' id='line_1_29' title="bbox 185 3779 1165 3886; baseline -0.006 -28"><span class='ocrx_word' id='word_1_205' title='bbox 185 3788 214 3836; x_wconf 83' lang='grc'><strong>“</strong></span> <span class='ocrx_word' id='word_1_206' title='bbox 230 3782 362 3878; x_wconf 88' lang='lat' dir='ltr'>dimus,</span> <span class='ocrx_word' id='word_1_207' title='bbox 387 3785 444 3867; x_wconf 82' lang='lat' dir='ltr'>vel</span> <span class='ocrx_word' id='word_1_208' title='bbox 461 3787 554 3885; x_wconf 81' lang='lat' dir='ltr'>septa</span> <span class='ocrx_word' id='word_1_209' title='bbox 569 3781 661 3860; x_wconf 86' lang='lat' dir='ltr'>ferro</span> <span class='ocrx_word' id='word_1_210' title='bbox 682 3783 844 3886; x_wconf 83' lang='lat' dir='ltr'>fameque</span> <span class='ocrx_word' id='word_1_211' title='bbox 861 3779 1074 3885; x_wconf 85' lang='lat' dir='ltr'>premimus:</span> <span class='ocrx_word' id='word_1_212' title='bbox 1102 3781 1165 3854; x_wconf 86' lang='lat' dir='ltr'>de·</span> 
     </span>
    </p>
   </div>
   <div class='ocr_carea' id='block_1_9' title="bbox 0 0 1428 4694">
    <p class='ocr_par' dir='ltr' id='par_1_10' title="bbox 0 0 1428 4694">
     <span class='ocr_line' id='line_1_30' title="bbox 0 0 1428 4694; baseline 0 0"><span class='ocrx_word' id='word_1_213' title='bbox 0 0 1428 4694; x_wconf 95' lang='lat' dir='ltr'> </span> 
     </span>
    </p>
   </div>
  </div>
 </body>
</html>
