2766 4658
326 344 741 415 Hrsrontnuunr
773 339 889 411 Lis.
922 339 985 410 IV.
1086 364 1155 437 303

178 520 360 583 “tantum
393 513 605 583 Cremonam
634 509 810 598 meruisse,
843 536 951 608 quam
981 533 1000 580 e
1027 511 1159 606 gremio

178 639 207 673 “
226 632 332 704 ltaliae
350 654 497 729 raptam,
524 631 606 729 quia
632 629 733 702 unius
756 630 867 701 noelis
895 654 1031 701 moram
1046 629 1158 705 rislo·

90 792 92 795 v
176 759 205 794 “
224 752 318 825 ribus
334 752 514 825 attulerit?
544 754 639 824 Stare
668 749 702 823 in
717 750 872 832 confinio
888 747 1086 822 Germaniae
1107 749 1160 822 in-

178 880 206 915 “
224 892 358 970 tegram
390 872 522 959 sedem,
559 870 673 968 spoliis
707 870 922 944 exercituum
965 874 998 940 δε
1028 870 1161 950 ducum

177 1001 205 1036 “
224 995 378 1067 caedibu's
407 1014 585 1065 ovantem.
636 993 868 1089 Redigeretur
898 992 1015 1087 praeda
1039 989 1075 1063 in
1106 989 1160 1064 fis-

178 1123 205 1157 “
224 1141 328 1187 cum:
357 1114 434 1210 ipfis
457 1111 610 1186 sufficere
643 1114 755 1210 ignes,
785 1118 818 1186 δι
847 1111 984 1185 rebellis
1017 1112 1161 1184 coloniae

179 1243 207 1278 “
227 1234 358 1322 ruinas,
387 1233 513 1330 quibus
529 1254 581 1306 tot
607 1234 796 1307 castrorum
826 1232 963 1308 excidia
981 1233 1161 1329 pensaren-

179 1364 207 1398 “
225 1357 317 1428 tun’'
367 1353 522 1443 Cerialis,
551 1376 684 1427 ameru
710 1352 874 1442 insamiae,
902 1357 925 1425 fi
949 1353 1085 1427 licentias
1102 1353 1161 1428 sae·

180 1476 335 1574 virisque
352 1476 507 1548 imbuere
529 1475 676 1548 militem
695 1476 901 1562 crederetur3
931 1472 1043 1570 pressit
1068 1473 1159 1547 iras:

119 1654 123 1660 s
180 1601 214 1670 δι
235 1599 390 1694 parolere,
424 1601 534 1693 posrto
561 1596 692 1668 civium
718 1598 824 1684 bello,
853 1596 896 1669 ad
915 1616 1059 1668 externa
1086 1622 1162 1668 mo-

177 1718 350 1792 destiores.
400 1716 585 1789 Convertit
624 1716 704 1788 inde
733 1717 881 1805 animos,
924 1717 1162 1790 accitarume
1223 1752 1225 1761 ,

177 1838 453 1915 Mediomatricis
472 1837 654 1936 legionum
670 1834 869 1910 miserabilis
886 1837 1050 1934 aspedus.
1088 1841 1162 1924 Staf

179 1964 263 2033 bant
292 1958 499 2034 conscientie
533 1958 655 2057 flagitii
685 1958 826 2048 maestae,
868 1958 948 2031 fixis
973 1959 1008 2031 in
1037 1980 1163 2032 terram

95 2139 100 2148 .
177 2082 298 2155 oculis.
349 2081 459 2153 Nulla
481 2079 570 2152 inter
593 2080 759 2152 cd‘euntes
783 2079 952 2152 exercitus
971 2078 1160 2152 consaluta-

175 2204 253 2312 tio‘:
282 2228 397 2300 neque
423 2201 613 2275 solantibus
639 2197 903 2273 hortantibusve
925 2198 1082 2294 responsa
1097 2203 1164 2272 da-¹¹

176 2326 275 2412 bant,
296 2324 405 2395 abditi
424 2347 485 2420 per
500 2320 662 2410 tentoria,
683 2326 716 2395 &
737 2314 854 2392 lucem
870 2318 976 2417 ipsam
990 2319 1158 2392 vitantes:

177 2469 241 2516 nec
259 2443 416 2539 perinde*
430 2441 626 2538 periculum
638 2461 699 2515 aut
718 2463 844 2530 metus,
868 2440 975 2538 quam
993 2441 1106 2537 pudor
1120 2467 1162 2514 ac

175 2565 330 2637 dedecus
346 2561 620 2660 obstupefecerat
634 2594 644 2647 ;
668 2562 824 2636 attonitis
840 2554 945 2637 etiam
958 2560 1160 2652 visloribus,

83 2741 90 2747 .
178 2683 240 2778 qui
258 2708 383 2754 vocem
403 2682 586 2789 precesque
615 2684 779 2757 adhibere
809 2709 880 2756 non
902 2686 985 2773 aufi,
1014 2683 1162 2757 lacrimis

178 2829 218 2876 ac
238 2802 369 2875 silentio
383 2804 521 2876 veniam
540 2803 750 2901 poscebant:
781 2806 894 2879 donec
907 2804 1051 2878 Cerialis
1069 2806 1161 2878 mul-

178 2943 269 2997 ceret
298 2923 448 3012 animos,
480 2931 506 3001 ‘,‘
526 2923 599 2996 sato
617 2925 715 2996 asta*
739 2925 913 3017 diditans,
945 2934 972 2968 “
993 2953 1072 3024 quae
1094 2926 1160 3000 mi-

179 3053 207 3089 “
226 3045 328 3117 litum
351 3044 552 3142 ducumque
569 3043 753 3137 discordia,
777 3047 834 3119 vel
861 3044 982 3120 fraude
1005 3047 1161 3122 hostium

179 3164 423 3239 “evenissent
473 3158 631 3238 Primum
649 3165 750 3239 illum
773 3166 1024 3262 stipendiorum
1054 3174 1088 3241 ὃς
1113 3167 1161 3241 sa-

68 3285 74 3301 ‘
179 3294 207 3331 “
226 3285 394 3362 ctamenri
427 3285 521 3357 diem
550 3289 744 3359 haberent:
775 3286 930 3384 priorum
969 3287 1163 3362 facinorum

179 3416 206 3451 “
225 3432 339 3505 neque
352 3410 619 3502 Imperatorem,
633 3432 747 3503 neque
759 3405 792 3478 se
805 3405 1033 3479 meminisse.'’
1058 3412 1162 3483 Tunc

177 3527 307 3623 recepti
326 3527 362 3599 in
378 3529 500 3600 eadem
520 3527 649 3613 castm3
682 3533 714 3599 δι
744 3527 900 3600 εάἰᾶυιῃ
918 3553 988 3628 ρετ,
1001 3530 1162 3627 manipu·
1220 3563 1222 3570 ·

105 3742 108 3746 ‚
178 3651 244 3737 los,
270 3675 314 3722 ne
339 3649 418 3747 quis
437 3649 472 3722 in
491 3648 678 3722 certamine
691 3645 856 3747 iurgiove
883 3648 1085 3726 seditionem
1102 3672 1161 3722 aut

179 3769 319 3845 cladem
335 3769 567 3847 commilitoni
584 3766 784 3868 objeslaret.
