2844 4704
705 141 712 172 l

341 336 738 411 Htsronrnnum
779 335 963 409 Lenis.
1091 360 1158 439 ¹55

184 528 256 586 met
272 509 347 585 astu
362 512 538 590 occultati.
587 513 641 585 lta
668 510 799 585 Vitellii
824 528 959 608 paratus
976 508 1163 586 nosceban-

182 654 264 707 tur:
293 630 485 730 Vespasrani
506 633 726 707 consiliorum
755 631 918 729 pleraque
933 629 1068 728 ignota,
1091 633 1163 729 pri·

121 743 122 747 ¹
182 753 286 827 mum
301 751 455 828 socordias
478 753 634 841 Vitellii3
664 752 790 828 deinde
813 750 1021 825 Pannonicae
1038 754 1163 849 Alpes,

184 872 347 971 praefidiis
371 873 512 964 inseffae,
537 874 677 948 nuntios
706 872 924 947 retinebant:
955 897 1049 945 mare
1074 896 1163 971 quo-

185 1019 255 1092 que
273 995 464 1068 Etesiarum
482 997 564 1069 flatu
591 994 627 1067 in
644 992 824 1068 Orientem
841 991 1088 1091 navigantibus
1114 993 1164 1068 se·

186 1116 359 1205 cundum,
387 1116 469 1203 inde
486 1113 668 1189 adversum
685 1135 766 1189 erat.

235 1236 373 1310 XCIX.
398 1237 595 1325 Tannum,
622 1235 819 1332 inruptione
846 1236 1014 1327 hostium,
1038 1236 1164 1311 atroci·

184 1359 253 1429 bus
276 1354 435 1452 undique
462 1355 589 1429 nuntiis
613 1354 806 1446 exterritus,
840 1356 1018 1430 Caecinarn
1040 1361 1075 1430 lle
1094 1359 1164 1432 Va·

186 1477 318 1550 lentem
336 1475 489 1572 expediri
502 1475 544 1547 ad
560 1466 800 1573 bellumjubet
816 1505 824 1548 :
849 1476 1038 1574 praemiffus
1054 1478 1164 1552 Caci-

188 1623 256 1669 na:
288 1596 486 1685 Valentem,
516 1621 537 1669 e
555 1596 653 1694 gravi
675 1596 828 1694 corporis
850 1598 976 1671 morbo
991 1617 1069 1672 tum
1096 1597 1167 1696 pri·

186 1718 288 1789 mum
317 1715 576 1814 adsurgentem,
610 1716 791 1791 infirmitas
819 1719 987 1792 tardabat.
1035 1719 1167 1818 Longe

185 1836 252 1910 alia
266 1860 271 1867 ·
285 1835 529 1933 proficiscentis
556 1863 602 1911 ex
630 1840 732 1912 Urbe
766 1837 967 1912 Germanici
995 1838 1167 1913 exercitlls

188 1955 316 2054 species
332 1986 341 2028 ε
369 1982 440 2029 non
459 1956 560 2056 vigor
576 1957 796 2054 corporibus,
811 1984 883 2032 non
899 1959 1002 2033 ardor
1015 1959 1163 2033 animis:

186 2077 320 2150 lentum
339 2082 372 2151 &
388 2103 505 2152 rarum
522 2103 666 2177 agmen,
684 2081 780 2152 fluxa
790 2103 899 2167 arma,
923 2076 1040 2178 segnes
1056 2080 1164 2178 equi:

96 2284 100 2291 Ι
185 2196 367 2296 impatiens
381 2195 473 2288 solis,
493 2197 660 2295 pulveris,
678 2197 949 2296 tempestatum:
977 2203 1165 2297 quantum-

185 2342 254 2416 que
279 2320 385 2393 hebes
409 2320 454 2395 ad
480 2317 717 2419 sustinendum
750 2321 905 2393 laborem
932 2318 1045 2408 miles,
1070 2320 1167 2393 tantb

184 2439 230 2512 ad
245 2438 433 2518 discordias
459 2438 662 2536 promptior.
713 2439 915 2519 Accedebat
932 2440 1001 2513 huc
1019 2437 1182 2515 Caecinae*

124 2569 125 2575 ’
186 2560 331 2634 ambitio
353 2580 468 2650 vetus,
507 2581 626 2658 torpor
650 2584 781 2650 recens,
810 2560 917 2637 nimia
940 2560 1087 2637 fortunae
1114 2560 1168 2635 in·

187 2678 367 2778 dulgentid
393 2680 492 2754 soluti
521 2680 555 2754 in
579 2682 730 2754 luxum:
756 2679 815 2755 seu
837 2681 1026 2779 <perfidiam
1055 2682 1166 2761 medi·

188 2815 276 2887 tato,
309 2797 496 2897 infringere
534 2800 703 2876 exercitiis
740 2800 920 2892 virtutem,
962 2800 1050 2876 inter
1081 2822 1169 2878 artes

189 2937 275 2991 erat.
323 2917 511 2995 Credidere
537 2919 704 3018 plerique,
741 2924 771 2999 F
773 2922 854 2996 lavii
874 2920 991 2996 Sabini
1021 2922 1167 3000 consiliis

189 3039 390 3129 concussam
414 3038 563 3114 Caecinae
591 3062 761 3133 mentem,
790 3042 942 3120 ministro
969 3040 1169 3122 sermonum

188 3157 327 3240 Rubrio
339 3159 457 3250 Gallo,
478 3167 506 3209 “
524 3182 598 3241 rata
610 3164 706 3260 apud
717 3161 962 3261 Vespasianum
978 3160 1051 3236 sore
1068 3165 1169 3261 paeto

188 3285 217 3322 “
235 3278 442 3354 tranfitionis
458 3282 495 3353 :''
529 3284 629 3356 simul
652 3283 815 3358 odiorum
844 3282 1057 3380 invidiaeque
1084 3310 1169 3384 erga
1230 3306 1233 3313 ¹

187 3400 337 3477 Fabium
354 3401 537 3477 Valentem
554 3403 820 3494 admonebatur,
844 3409 873 3446 “
890 3423 929 3477 ut
945 3402 1056 3501 impar
1070 3406 1168 3502 apud

189 3526 217 3563 ‘⁴
234 3518 429 3610 Vitellium,
459 3521 605 3619 gratiam
622 3521 779 3621 viresque
801 3523 897 3621 apud
914 3546 1049 3604 novum
1066 3524 1167 3606 Pm-

189 3645 220 3693 ⁴‘
239 3639 356 3749 opem
375 3645 546 3751 pararet·‘’
1224 3654 1226 3657 ’
