2752 4710
243 378 295 458 30
372 419 379 431 ,
458 346 1046 429 ccormnrscm
1116 425 1120 437 ,

243 523 400 603 mendat.
448 525 545 598 Nolo
568 523 761 599 Corvinum
790 522 935 623 insequi,
967 519 1138 623 quianon
1163 545 1231 625 per

246 646 361 746 ipsum
385 636 490 736 stetit,
519 646 704 743 quominus
727 644 881 719 laetitiam
901 645 1121 745 nitoremque
1147 640 1229 722 nos-

247 789 381 842 trorum
396 786 595 863 tempomm
611 766 843 863 exprimeret:
858 767 1061 857 viderimus,
1080 767 1231 867 inquam

241 886 379 986 judicio
389 885 461 983 ejus
476 886 528 958 vis
544 905 603 969 aut
619 885 738 977 animi,
752 907 813 977 aut
827 887 956 986 ingenii
972 887 1152 963 suffecerit.
1181 906 1185 911 ’

245 1051 249 1057 ·
294 1009 413 1083 XXll.
439 1011 502 1079 Ao
519 1005 724 1080 Ciceronem
742 1007 860 1098 venio,
890 1007 945 1081 cui
969 1011 1090 1082 eadem
1108 1034 1232 1110 pugna

107 1184 110 1191 ,
200 1113 330 1204 ‘cum
351 1118 541 1227 aequalibus
562 1125 627 1201 suis
651 1125 732 1219 suit,
758 1155 837 1227 quae
860 1129 945 1202 mihi
969 1128 1149 1205 vobiscum
1165 1131 1230 1206 est.

245 1249 302 1324 Illi
319 1249 414 1322 enim
431 1234 592 1345 antiquos
605 1248 832 1339 mirabantur,
853 1250 922 1348 ipse
938 1248 1077 1325 suorum
1089 1272 1228 1350 tempo-

245 1397 326 1446 rum
342 1367 579 1467 eloquentiam
595 1373 852 1467 anteponebat:
880 1396 943 1446 nec
967 1374 1039 1446 ulla
1061 1398 1096 1446 re
1113 1373 1227 1472 magis

248 1489 400 1590 ejusdem
429 1490 536 1564 aetatis
559 1511 710 1565 oratores
741 1492 930 1588 praecurrit,
954 1493 1064 1591 quim
1080 1491 1229 1590 judicio,

220 1712 222 1717 Ι
246 1612 384 1686 Primus
400 1612 493 1686 enim
510 1611 666 1685 excoluit
682 1611 888 1704 orationem,
912 1613 1044 1714 primus
1059 1615 1097 1688 δε
1114 1613 1230 1713 verbis

247 1734 422 1827 deleclum
446 1730 619 1823 adhibuit,
644 1732 682 1804 δε
702 1733 943 1832 compositioni
967 1757 1099 1810 artem:
1129 1736 1228 1809 locos

247 1878 391 1951 quoque
407 1852 553 1927 latiores
575 1853 768 1943 attentavit,
799 1854 836 1927 &
863 1854 1029 1954 quasdam
1047 1845 1229 1930 se'nteritias

246 1971 399 2059 invenit;
424 1972 547 2071 utique
564 1973 601 2046 in
617 1973 671 2047 his
684 1974 911 2066 orationibus
927 2003 1012 2074 quas
1028 1976 1226 2077 seniorjam

245 2093 284 2165 δι
299 2091 404 2192 juxta
426 2095 534 2167 finem
550 2093 631 2168 vitae
653 2091 921 2193 composuit,id
944 2095 1007 2185 cst,
1036 2097 1229 2195 postquam

247 2213 362 2314 magis
395 2212 602 2314 profecerat,
636 2213 829 2315 usuque&
857 2215 1101 2313 experimentis
1128 2217 1228 2290 didi-

247 2357 354 2427 cerat,
389 2338 485 2435 quod
499 2337 689 2434 ‘optimum
717 2336 856 2412 dicendi
888 2362 995 2435 genus
1019 2336 1080 2409 est.
1128 2339 1229 2414 Nam

247 2458 377 2556 priores
393 2454 464 2556 ejus
481 2458 651 2531 orationes
668 2483 740 2531 non
757 2477 876 2533 carent
892 2457 1226 2556 vitiisautiquitatis:
1246 2440 1252 2446 .

246 2580 360 2654 lentus
388 2578 437 2652 est
465 2578 500 2652 in
531 2578 722 2676 principiis,
747 2580 873 2676 longus
898 2578 934 2650 in
960 2577 1225 2670 narrationibus,

245 2698 372 2773 otiosus
407 2697 499 2773 circa
531 2703 699 2790 excessus,
728 2699 825 2773 tarde
857 2718 1114 2802 commovetur,
1149 2698 1226 2773 rarb

246 2819 440 2896 incalescit:
460 2820 561 2919 pauci
577 2819 689 2895 sensus
705 2820 784 2918 apte
803 2825 837 2894 a
851 2846 933 2894 cum
947 2821 1102 2918 quodam
1122 2820 1225 2894 lumi·

246 2966 292 3015 ne
308 2942 560 3016 terminantur:
588 2940 673 3014 nihil
690 2926 891 3038 excerpere,
909 2939 994 3012 nihil
1010 2938 1132 3014 referre
1148 2943 1224 3045 pos·

245 3068 305 3138 fis:
325 3064 363 3137 &
376 3062 526 3138 velutin
549 3062 626 3136 rudi
643 3060 807 3152 aedilicio,
825 3063 946 3135 firmus
967 3060 1046 3134 sane
1064 3061 1174 3159 paries
1191 3066 1225 3136 δι

152 3196 156 3204 ’
243 3186 441 3276 duraturus,
470 3183 528 3258 sed
561 3207 633 3256 non
658 3181 735 3256 satis
756 3180 937 3278 expolitus
967 3181 1004 3252 δι
1032 3180 1226 3278 splendens.

158 3381 162 3391 ⁴
247 3305 329 3400 Ego
351 3327 468 3379 autem
492 3325 682 3392 oratorem,
709 3305 792 3376 ficut
814 3302 1024 3398 locupletem
1043 3327 1084 3375 ac
1107 3302 1224 3375 lauda·

243 3442 321 3497 tum
335 3446 467 3520 patrem
477 3424 632 3515 familia,
649 3449 720 3496 non
736 3447 779 3495 eo
790 3423 926 3496 tantum
938 3425 1018 3496 volo
1030 3425 1119 3496 tesso
1135 3421 1224 3519 tegi,

244 3544 343 3643 quod
368 3542 518 3617 imbrem
541 3571 582 3619 ac
606 3565 752 3618 ventum
768 3563 894 3634 arceat,
925 3539 1100 3617 sedetiam
1122 3541 1225 3639 quod

243 3663 354 3739 visum
373 3661 409 3733 δι
426 3665 547 3737 oculos
564 3666 733 3738 delesset:
755 3689 826 3737 non
851 3668 890 3737 eb
905 3661 1016 3737 solum
1033 3661 1152 3736 instrui
1169 3659 1224 3735 su·

245 3784 427 3883 pcllefflle,
452 3807 530 3880 quae
550 3784 739 3860 necessariis
756 3787 869 3860 usrbus
885 3782 1042 3877 sufficiat,
1060 3784 1118 3858 sed
1135 3786 1176 3858 fir
1189 3783 1227 3858 in
1272 3769 1273 3772 ¹
