2806 4694
211 349 288 401 ,η
434 323 478 399 0.
519 321 787 399 Conusnrt
831 314 1032 413 Tncrs'l

212 486 365 560 ‘simum
382 485 431 560 est
454 490 499 563 ad
524 488 771 562 continendam
796 486 981 561 militarem
1005 485 1125 575 fidem,
1153 496 1220 555 nee

238 605 341 695 uitiis,
361 631 425 679 nec
437 603 575 683 'viribus
594 608 836 682 miscebantur.

286 731 335 802 X.
361 730 514 801 Ontnus
540 731 654 804 adhuc
680 729 860 827 immotus.
910 727 1044 823 Syriam
1073 729 1106 799 &
1134 751 1219 822 quaa

131 862 134 880 '
236 867 316 921 tuor
344 848 498 946 legiones
526 849 703 923 obtinebat
735 849 895 923 Licinius
923 847 1127 937 Mucianus,
1165 846 1221 919 vir

237 968 395 1044 secundis
407 967 737 1067 adverfisquejuxta
749 969 926 1044 famosus!
961 971 1115 1067 Infignes
1132 967 1219 1041 ami-

238 1090 335 1164 citias
361 1089 500 1187 juvenis
527 1090 718 1164 ambitiose
742 1093 919 1164 coluerat:
957 1116 1058 1178 mox,
1094 1086 1217 1161 attritis

238 1210 378 1307 opibus,
408 1210 541 1283 lubrico
564 1211 666 1300 statu,
687 1210 836 1309 suspecta
861 1210 967 1285 etiam
983 1207 1121 1283 Claudii
1149 1207 1241 1279 itan
1284 1221 1286 1226 ’

237 1329 382 1421 condid,
401 1329 438 1403 in
458 1329 627 1403 secretum
646 1335 736 1403 Asiae
754 1334 932 1426 repositus,
959 1351 1030 1403 tarn
1050 1328 1157 1426 prop&
1175 1329 1220 1401 ab

238 1451 358 1526 exsule
388 1448 469 1542 suit,
498 1450 607 1546 quarn
632 1449 751 1546 postea
771 1476 796 1526 ,a
823 1449 995 1545 Principe.
1044 1449 1220 1538 Luxurizl,

237 1570 414 1660 industris,
449 1569 627 1658 comitate,
672 1569 888 1667 adrogantia,
918 1567 1019 1641 malis
1052 1565 1222 1664 bonisque

238 1692 369 1765 artibus
393 1690 550 1764 mixtus:
579 1689 696 1763 nimia
719 1691 927 1786 voluptates,
951 1688 1032 1762 cum
1060 1706 1219 1760 vacarets

238 1810 398 1909 quotiens
416 1809 631 1907 expedierat,
651 1821 788 1908 magnae
801 1809 955 1882 virtutes.
1004 1810 1129 1882 Palam
1148 1810 1222 1882 lau·

215 1931 352 2019 dares,
385 1927 512 2002 secreta
544 1930 634 2002 male
660 1929 860 2004 audiebant
921 1931 988 2002 Sed
1016 1931 1113 2064 apud
1140 1927 1220 2003 sub-

229 2048 357 2150 jeslos,
375 2051 470 2147 apud
489 2050 683 2183 proximos,
708 2051 803 2148 apud
825 2052 994 2150 collegas,
1013 2050 1115 2124 variis
1132 2051 1218 2123 inle‘

237 2169 348 2247 cebris
365 2192 511 2268 potens·
533 2170 640 2245 &cui
663 2170 859 2269 expeditius
884 2169 988 2245 fuerit
1006 2170 1163 2245 tradere'
1155 2195 1221 2242 tm·

238 2293 391 2392 perium,
418 2294 528 2390 quam
552 2293 720 2366 obtinere.
771 2295 907 2367 Bellum
929 2294 1118 2390 Judaicum
1142 2293 1221 2366 Fla-

237 2414 314 2489 vius
331 2413 553 2511 Vespafianus
571 2415 718 2508 (ducem
735 2440 817 2487 eum
833 2417 932 2489 Nero
949 2415 1143 2510 delegerat)
1162 2411 1221 2483 tri-

239 2538 306 2609 bus
340 2533 536 2630 legionibus
568 2533 840 2632 administrabat.
903 2535 982 2606 Nec
1014 2532 1222 2629 Vespasiano

238 2652 401 2726 adversus
432 2653 585 2725 Galbam
612 2672 748 2740 votum,
776 2672 835 2724 aut
869 2655 1017 2725 animus.
1116 2650 1223 2749 uippe

237 2772 363 2847 Titum
392 2771 519 2863 filium,
549 2773 594 2844 ad
623 2772 882 2847 venerationem
916 2774 1123 2869 cultumque
1151 2770 1222 2869 ejus

238 2892 388 2980 miserat,
406 2912 444 2963 ut
461 2891 521 2964 suo
540 2895 620 2965 loco
645 2894 929 2965 memorabimus.
978 2895 1127 2966 Occultd
1144 2894 1223 2989 lege

238 3010 314 3102 sati,
342 3016 375 3084 &
406 3011 569 3100 ostentis,
588 3038 629 3086 ac
654 3011 829 3109 responsis,
855 3012 1066 3086 destinatum
1091 3010 1221 3109 Vespa·
1301 3032 1303 3037 ·

240 3137 262 3206 s
265 3159 332 3208 ano
346 3129 571 3230 liberisquej
542 3157 561 3204 e
573 3158 615 3207 us
631 3130 832 3229 imperium,
853 3133 932 3230 post
954 3132 1130 3207 fortunam
1148 3159 1222 3207 cre-

238 3252 408 3327 didimus.
1284 3234 1289 3244 .

289 3376 354 3448 XI
382 3373 599 3448 AEosnsuu
627 3370 824 3471 copiasque,
851 3373 977 3471 quibus
994 3379 1222 3465 coerceretur,

234 3492 311 3594 jam
336 3494 419 3567 inde
445 3519 465 3564 a
486 3493 571 3565 divo
595 3493 769 3591 August0,
799 3493 932 3591 equites
955 3494 1112 3568 Romani
1130 3494 1222 3568 obti-

242 3636 339 3705 nent,
369 3617 449 3693 loco
475 3638 610 3710 regum.
660 3615 714 3686 Ita
738 3613 849 3687 visum
872 3614 1050 3710 expedire,
1077 3612 1220 3710 provin·
1300 3686 1302 3689 ,

243 3739 333 3813 ciam
357 3735 454 3810 aditu
476 3733 670 3825 difficilem,
696 3759 843 3808 annonae
873 3732 1074 3826 fecundam,
1104 3731 1221 3830 super-
