2820 4694
272 367 342 443 274
500 345 1109 453 CConrtatrtTncrrr

272 519 428 592 Nonium
447 522 648 611 Adiaoum,
675 525 708 594 δι
726 521 878 594 Cestium
894 523 1062 595 Severum
1079 511 1255 594 acerrime

160 637 165 662 '
271 639 437 726 incubuit,
468 643 593 714 crebris
617 642 709 738 apud
736 644 914 714 Neronem
940 639 1170 713 delationibus
1191 637 1243 711 fa·

271 757 420 832 molus«
454 759 666 834 Sariolenum
697 766 729 834 bt
764 786 880 833 recens
913 760 1045 833 crimen
1081 762 1241 856 urgebat,

269 868 364 975 quod
389 880 482 976 apud
510 880 689 953 Vitellium
720 881 862 954 molitus
888 881 1008 953 eadem
1036 878 1146 953 foret:
1178 905 1242 953 nee

269 998 395 1070 destitit
429 996 562 1071 senatus
589 1026 712 1095 manus
748 1002 914 1073 intentare
941 1002 1097 1087 Voculae,
1129 1001 1243 1072 donec

269 1119 363 1192 cutia
388 1118 579 1193 excederet.
633 1121 691 1192 Ad
722 1120 879 1192 Pactium
906 1120 1112 1192 Africanum
1138 1117 1241 1191 trans-

270 1239 381 1334 grelst,
412 1237 493 1308 bum
520 1264 661 1334 quoque
696 1243 924 1334 proturbant;
958 1263 1137 1336 tamquam
1169 1242 1242 1312 Ne·

270 1357 346 1429 toni
370 1355 564 1429 Scribonios
591 1357 725 1447 fratres,
760 1361 944 1434 concordie
973 1359 1165 1457 opibusque
1192 1361 1244 1433 in·

272 1479 395 1574 fignes,
423 1477 466 1548 ad
491 1478 636 1550 exitium
661 1479 923 1574 monstravill'et.
976 1480 1160 1553 Africanus
1185 1505 1245 1552 ne-

271 1624 340 1693 que
363 1596 456 1669 fateri
472 1599 633 1688 audebat,
660 1625 773 1695 neque
790 1599 938 1673 abnuere
958 1622 1112 1696 poterat:
1133 1601 1168 1672 in
1183 1601 1245 1671 Vi·
1306 1629 1309 1637 ·

271 1717 368 1790 bium
380 1715 553 1813 Crispum,
568 1715 663 1814 cujus
677 1719 1005 1816 interrogationibus
1018 1718 1241 1818 fatigabatur,

269 1839 361 1909 ultro
379 1837 571 1924 conversus,
585 1837 759 1910 miscendo
773 1866 850 1936 quae
867 1839 1053 1913 defendere
1066 1840 1242 1937 nequibat,

267 1955 426 2031 societate
442 1958 551 2052 culpae
570 1956 735 2029 invidiam
753 1958 952 2032 declinavit.

318 2080 437 2151 XLll.
462 2080 650 2157 Mnuunm
668 2104 710 2151 eo
730 2078 786 2152 die
807 2078 941 2175 pietatis
964 2081 1246 2177 eloquentiaeque

267 2197 398 2272 lamam
422 2197 619 2294 Vipstanius
646 2201 791 2270 Mellala
819 2200 963 2296 adeptus
991 2200 1055 2290 est,
1083 2202 1244 2275 nondum

269 2318 431 2392 senatoria
463 2340 575 2407 aetate,
603 2317 700 2394 ausus
730 2345 794 2414 pro
815 2318 913 2395 fratre
931 2320 1073 2416 Aquilio
1101 2323 1243 2419 Regulo

267 2434 456 2537 deprecari.
508 2443 690 2536 Regulum
713 2439 869 2511 subversa
897 2441 1093 2514 Craffotum
1118 2446 1149 2514 &
1174 2446 1246 2515 Or-

268 2560 354 2660 phiti
368 2561 493 2634 domos
511 2560 545 2630 in
564 2559 739 2632 summum
750 2560 872 2634 odium
886 2564 1065 2635 extulerat.
1114 2548 1245 2660 Sponte

267 2709 311 2757 ex
336 2686 368 2758 S.
386 2682 427 2753 C.
454 2679 706 2753 accusationem
729 2679 864 2754 subiiffe
880 2681 1018 2781 juvenis
1035 2683 1244 2774 admodum,

266 2830 333 2877 neo
349 2801 544 2898 depellendi
564 2800 720 2895 periculi,
739 2798 795 2874 sed
814 2801 957 2900 inspem
972 2805 1134 2901 potentia
1147 2804 1245 2877 uide·

266 2928 378 2999 batur.
425 2925 471 2995 Et
491 2919 641 3017 Sulpicia
656 2922 875 3011 Praetextata,
901 2924 1008 2997 Cralli
1033 2952 1136 3014 uxor,
1161 2951 1246 3022 qua·

266 3038 416 3142 tuotque
431 3040 543 3130 liberi,
570 3043 591 3113 st
610 3039 831 3137 cognosceret
847 3044 993 3134 senatus,
1018 3048 1146 3118 ultores
1164 3047 1246 3118 ade-

267 3182 355 3235 rant.
414 3163 525 3260 Igitur
547 3161 693 3237 Meffala
719 3186 788 3233 non
818 3161 970 3253 causam,
1003 3191 1118 3262 neque
1147 3191 1244 3238 reum

267 3283 368 3371 tueri,
390 3274 448 3356 sed
466 3280 624 3380 periculis
640 3277 749 3352 fratris
766 3277 870 3354 semet
886 3309 1083 3380 opponens,
1102 3287 1246 3357 flexerat

265 3400 444 3499 quosdam.
493 3401 654 3477 Occurrit
680 3399 764 3475 truci
791 3401 946 3481 oratione
971 3402 1109 3477 Curtius
1132 3403 1243 3472 Mon.

265 3540 384 3607 tanus,
395 3521 436 3594 eb
449 3520 555 3618 usque
572 3524 780 3620 progressus,
800 3543 851 3611 ut,
872 3529 899 3566 “
913 3522 988 3620 poll
1005 3522 1136 3594 caedem
1153 3521 1245 3592 Gal.

266 3649 293 3687 “
313 3645 381 3732 bae,
410 3641 526 3712 datam
546 3641 750 3716 interfectori
773 3643 904 3718 Pisonis
925 3640 1105 3740 pecuniam
1123 3665 1144 3712 a
1166 3644 1242 3715 Re.

251 3769 292 3815 '⁴‘
311 3765 407 3879 gulo,
436 3759 700 3859 adpetitumque
732 3763 848 3838 morsu
870 3760 999 3838 Pisonis
1025 3761 1153 3861 caput’'
1174 3763 1226 3845 ob
1292 3854 1294 3859 ,
