2806 4694
261 334 308 429 48
495 335 536 410 C.
569 337 844 415 Constanti
878 341 1078 420 Tactil

257 506 418 599 busdam,
453 531 491 582 ut
521 516 557 584 in
590 515 759 603 tumultu,
792 511 979 585 notabilius
1008 506 1241 583 turbantibus:

257 629 345 700 Non
374 650 491 703 tamen
518 633 700 730 quisquam
723 633 759 706 in
786 634 935 706 modum
963 630 1153 720 concionis,
1183 645 1243 702 aue

256 745 417 845 suggestu
431 749 570 825 locutus
587 752 844 851 :nequeenim
864 774 933 826 erat
950 752 1080 840 adhuc,
1099 750 1158 823 cui
1174 749 1248 821 ima*

258 891 450 967 putaretur.

265 1037 269 1040 ·
307 992 405 1063 LVI.
433 994 665 1065 Srncsaroa
684 993 807 1094 flagitii
832 993 1062 1067 Hordeonius
1079 994 1241 1077 Flaccus,

257 1108 440 1184 consularis
459 1114 606 1209 legatus,
619 1114 748 1203 aderat,
771 1139 842 1186 non
858 1113 1075 1209 compescere
1092 1129 1243 1198 ruentes,

257 1257 330 1304 non
347 1231 495 1304 retinere
515 1233 657 1322 dubios,
686 1259 758 1305 non
780 1233 952 1305 cohortari
977 1236 1088 1306 bonos
1116 1230 1243 1315 aususa

256 1350 314 1424 sed
338 1350 466 1449 segnis,
491 1353 652 1448 pavidus,
684 1332 1094 1426 &socordiamnocens
1143 1356 1242 1447 Qua·

192 1565 195 1577 ⁵
257 1491 338 1544 tuor
360 1472 579 1545 centuriones
605 1472 885 1544 duoetvicesrmae
909 1471 1073 1568 legionis,
1102 1469 1242 1544 Nonius

256 1594 451 1686 Receptus,
480 1592 653 1665 Donatius
669 1594 808 1681 Valens,
837 1591 1016 1666 Romilius
1033 1592 1240 1678 Marcellus,

255 1709 465 1806 Calpurnius
493 1711 728 1808 Repentinus,
760 1713 844 1786 clam
874 1727 1095 1810 protegerent
1117 1711 1241 1782 Galba

255 1829 454 1928 imagines„
483 1830 617 1928 impetu
660 1832 813 1905 rnilitum
858 1831 1005 1928 abrepti,
1049 1830 1239 1927 vinsliquei

193 2038 196 2054 ι
255 1953 334 2024 Nec
359 1950 524 2047 cuiquam
543 1952 633 2024 ultra
649 1954 749 2042 fides,
774 1973 833 2025 aut
858 1950 1027 2025 memoria
1052 1949 1172 2048 prioris
1188 1948 1240 2023 sa·

253 2069 447 2144 eramentia
478 2068 549 2162 sed,
570 2075 666 2170 quod
684 2072 719 2144 in
736 2070 960 2146 seditionibus
978 2071 1117 2159 accidit,
1146 2070 1240 2143 unde

252 2194 369 2290 plures
383 2211 495 2280 erant,
513 2204 634 2265 omnes
658 2191 766 2266 suere.
816 2195 947 2281 Nosse,
967 2217 1046 2288 quae
1063 2190 1238 2262 Kalendas

253 2313 436 2409 Januarias
456 2310 569 2386 secuta
589 2314 653 2403 est,
684 2314 719 2386 in
745 2314 921 2387 colonian'r
940 2309 1237 2409 Agrippinensem

250 2433 410 2532 aquilifer
434 2454 565 2531 quartae
583 2433 728 2532 legionis
752 2433 905 2531 epulanti
923 2430 1066 2504 Vitellio
1086 2429 1239 2518 nuntiat,

255 2561 462 2653 “quartam
491 2550 524 2628 δι
554 2555 861 2628 duoetvicesrmam
888 2551 1055 2648 legiones,
1076 2549 1237 2647 projeslis

254 2677 426 2748 “Galbae
457 2673 683 2773 imaginibus,
716 2673 752 2746 in
783 2672 916 2745 senatrls
945 2676 978 2744 &
1010 2669 1131 2767 populi
1160 2674 1238 2745 Ro-

253 2801 280 2836 “
300 2795 395 2867 mani
423 2799 531 2870 verba
549 2794 713 2895 jurasse.''
772 2794 814 2867 ld
847 2791 1100 2866 sacramentum
1134 2791 1237 2895 inane

252 2911 384 2985 visum:
414 2922 440 2957 ‘⁶
460 2916 622 3013 occupari
640 2935 822 2989 nutantem
848 2912 1036 3002 fortunam,
1067 2914 1235 2987 &offerri

253 3040 279 3075 “
298 3032 522 3131 Principem”
552 3037 694 3133 placuit.
749 3035 844 3109 Missi
873 3059 893 3106 a
915 3032 1056 3105 Vitellio
1077 3033 1122 3105 ad
1144 3031 1233 3130 legi-

250 3178 334 3226 ones
366 3154 581 3252 legatosque,
620 3156 681 3255 qui
716 3162 745 3199 “
771 3154 999 3229 descivislea
1035 3154 1151 3226 Galba
1178 3153 1237 3243 su·¹
1313 3178 1318 3190 ·

220 3332 224 3336 .
252 3280 281 3316 “
300 3274 470 3370 periorem
486 3276 705 3349 exercitum”
718 3277 934 3370 nuntiarent:
964 3282 991 3317 “
1012 3273 1157 3371 proinde
1174 3295 1236 3348 aut

252 3394 497 3468 “bellandum
521 3397 683 3470 adversus
705 3395 937 3485 desciscentes,
965 3413 1024 3468 aut
1048 3398 1236 3468 ficoncot-

250 3523 278 3559 “
297 3514 370 3586 dia·
386 3516 419 3584 δι
450 3539 519 3609 pax
550 3515 696 3611 placeat,
725 3514 923 3590 faciendum
956 3518 1234 3611 Imperatorem:

252 3640 333 3710 “&
369 3633 502 3706 minore
532 3634 726 3709 discrimine
759 3635 845 3709 sumi
877 3633 1092 3733 Principem,
1126 3636 1235 3734 quam

252 3766 279 3804 “
298 3754 444 3857 qnaeri.''
1037 3754 1040 3765 ’
