2844 4704
374 344 766 426 H'rsronrnnun
803 345 911 425 Lrs.
953 345 1001 426 11.
1108 377 1173 455 1¹3

194 533 424 627 conditiones,
453 560 494 608 ac
519 537 664 610 reddere
689 537 846 632 parabat,
872 535 954 609 eum
985 538 1176 637 precipites

193 658 430 753 exploratores
454 657 567 729 adeffe
585 656 717 729 hostem
734 655 947 729 nuntiavere.
998 658 1174 756 interrup-

195 796 250 850 tus
268 776 487 850 tribunorum
513 773 653 851 sermo:
680 776 794 874 obque
819 775 992 850 incertum
1014 773 1091 867 fuit,
1117 778 1171 851 in·

193 896 303 988 fidias,
317 923 361 972 an
377 896 625 995 proditionem,
643 897 700 969 vel
718 895 861 994 aliquod
884 897 1068 971 honestum
1085 923 1171 972 con·
1193 895 1196 902 ’

193 1017 306 1092 filium
324 1017 563 1115 coeptaverint.
602 1016 756 1106 Caecina,
770 1015 911 1089 dimiffls
928 1016 1091 1108 tribunis,
1118 1043 1171 1091 re·
1199 1058 1202 1065 «

191 1140 310 1212 vestus
325 1139 362 1211 in
378 1138 498 1229 castra,
511 1137 647 1226 datum,
662 1133 755 1233 juffu
772 1135 872 1208 Fabii
888 1136 1058 1228 Valentis,
1081 1157 1171 1236 pug·
1227 1126 1231 1136 ¹

194 1283 248 1331 nae
274 1261 427 1355 signum,
452 1262 486 1330 ὃ(
517 1256 663 1329 militem
689 1256 724 1328 in
753 1255 859 1329 armis
884 1255 1028 1329 invenit.¹
1076 1259 1174 1332 Dum

194 1376 352 1474 legiones
363 1377 408 1449 de
424 1376 547 1450 ordine
562 1376 708 1474 agminis
725 1374 924 1466 sortiuntur,
943 1374 1075 1474 equites
1094 1404 1173 1475 pro·

196 1497 344 1595 rupere:
372 1501 420 1587 δι,
450 1495 578 1570 mirum
593 1496 707 1586 diebu,
732 1523 753 1570 a
781 1496 1004 1593 paucioribus
1020 1499 1174 1571 Othoni·

194 1618 288 1707 anis,
300 1616 490 1715 quominus
511 1617 548 1690 in
565 1618 699 1691 vallum
716 1616 1010 1714 impingerentur,
1040 1620 1171 1692 Italicas

192 1736 341 1836 legionis
367 1737 493 1835 virtute
516 1735 669 1810 deterriti
695 1736 796 1812 sunt:
826 1762 866 1810 ea
892 1735 1009 1810 strietis
1033 1763 1172 1812 mucro·

192 1857 311 1948 nibus,
331 1856 440 1930 redire
466 1856 593 1953 pulsos,
619 1862 654 1931 δι
674 1882 830 1955 pugnam
848 1842 1016 1930 resumere
1042 1859 1171 1957 coigit.

192 1975 363 2074 Dispofita
379 1977 643 2053 Vitellianarum
659 1978 839 2077 legionum
868 1977 973 2069 acies,
1006 1980 1075 2051 srne
1104 1997 1177 2052 tre·⁴

193 2097 393 2196 pidatione:
432 2098 576 2189 etenim,
604 2121 820 2198 quamquam
838 2098 953 2172 vicino
976 2097 1094 2187 hoste,
1120 2097 1170 2172 as·

192 2220 312 2316 peetus
346 2199 525 2295 armorum
563 2219 674 2293 densis
707 2218 852 2292 arbustis
892 2218 1169 2316 prohibebatur:

189 2338 286 2437 apud
311 2339 549 2426 Othonianos,
568 2376 569 2379 ¹
588 2338 706 2434 pavidi
736 2340 856 2427 duces,
891 2337 990 2411 miles
1023 2338 1171 2415 ducibus

151 2439 157 2454 ¹
191 2456 353 2549 infensus,
394 2459 506 2539 mixta
533 2446 761 2534 vehicula&
791 2456 884 2549 lixae,
926 2462 960 2530 δι
991 2461 1172 2557 praeruptis

190 2577 369 2676 utrimque
396 2576 503 2668 foffis,
541 2578 600 2652 via
627 2578 747 2677 quieto
775 2605 917 2678 quoque
944 2578 1076 2677 agmini
1109 2607 1170 2654 an·

191 2696 303 2794 gusta.
350 2698 605 2773 Circumsrstere
620 2699 678 2786 alii
704 2704 797 2798 signa
813 2699 885 2791 sua,
913 2712 1068 2799 quaerere
1084 2700 1141 2773 alii
1157 2729 1167 2774 z

193 2815 343 2890 incertus
366 2818 521 2916 undique
538 2821 686 2911 clamor,
717 2815 1171 2911 adcurrentium,'vocitan·

193 2933 312 3008 tium:
343 2940 391 3027 u,
407 2957 445 3010 ut
461 2939 586 3036 cuique
603 2939 759 3030 audacia,
778 2942 835 3013 vel
857 2939 1022 3031 formido,
1049 2941 1085 3013 in
1103 2941 1171 3039 pri-

191 3061 292 3130 mam
309 3056 560 3154 postremamve
579 3061 690 3134 aciem
718 3064 1006 3159 prorumpebant,
1038 3064 1092 3135 vel
1116 3087 1170 3136 re·

191 3177 420 3252 vehebantur.

221 3296 357 3370 XLII.
385 3303 623 3397 Arrourrns
652 3300 765 3376 subito
782 3320 912 3374 terrore
930 3322 1076 3392 mentes,
1105 3294 1169 3374 far'·

189 3412 264 3488 sum
293 3417 464 3515 gaudium
488 3419 525 3493 in
553 3413 758 3519 languorem
775 3416 889 3510 vertit,
924 3424 1077 3520 repertis,
1112 3422 1171 3520 qui

118 3636 124 3643 ,
190 3542 219 3579 “
235 3535 414 3612 descivisse
430 3540 605 3613 aVitellio
617 3540 830 3615 exereitum'’
845 3541 1104 3616 ementirentur.
1138 3543 1172 3617 Is

190 3676 324 3748 rumor,
350 3660 396 3733 ab
412 3660 688 3757 exploratoribus
714 3658 844 3733 Vitellii
864 3660 1046 3760 dispersus,
1071 3687 1116 3733 an
1133 3659 1170 3732 in

191 3774 264 3872 ipsa
280 3779 431 3853 Othonis
448 3799 559 3878 parte,
589 3777 646 3854 seu
661 3780 762 3871 dolo,
790 3779 847 3856 seu
872 3782 958 3856 forte
974 3777 1168 3867 surrexerit,

262 3903 265 3911 ⁴·
704 3901 720 3971 1
