<?xml version="1.0" encoding="UTF-8"?>
<!DOCTYPE html PUBLIC "-//W3C//DTD XHTML 1.0 Transitional//EN"
    "http://www.w3.org/TR/xhtml1/DTD/xhtml1-transitional.dtd">
<html xmlns="http://www.w3.org/1999/xhtml" xml:lang="en" lang="en">
 <head>
  <title>
</title>
<meta http-equiv="Content-Type" content="text/html;charset=utf-8" />
  <meta name='ocr-system' content='tesseract 3.04.00' />
  <meta name='ocr-capabilities' content='ocr_page ocr_carea ocr_par ocr_line ocrx_word'/>
</head>
<body>
  <div class='ocr_page' id='page_1' title='image "./ccorneliitaciti01freigoog_0208.png"; bbox 0 0 2820 4694; ppageno 0'>
   <div class='ocr_carea' id='block_1_1' title="bbox 198 324 1158 459">
    <p class='ocr_par' dir='ltr' id='par_1_1' title="bbox 198 324 1158 459">
     <span class='ocr_line' id='line_1_1' title="bbox 198 324 1158 459; baseline 0.02 -55"><span class='ocrx_word' id='word_1_1' title='bbox 198 398 204 404; x_wconf 82' lang='grc'><em>.</em></span> <span class='ocrx_word' id='word_1_2' title='bbox 311 324 313 336; x_wconf 68' lang='grc'><strong>’</strong></span> <span class='ocrx_word' id='word_1_3' title='bbox 369 342 770 459; x_wconf 36' lang='lat' dir='ltr'><strong>,Hm-omnum</strong></span> <span class='ocrx_word' id='word_1_4' title='bbox 804 343 915 416; x_wconf 83' lang='lat' dir='ltr'><strong>Lrn.</strong></span> <span class='ocrx_word' id='word_1_5' title='bbox 952 347 1015 419; x_wconf 86' lang='lat'><em>111.</em></span> <span class='ocrx_word' id='word_1_6' title='bbox 1089 368 1158 441; x_wconf 79' lang='lat'><strong>203</strong></span> 
     </span>
    </p>
   </div>
   <div class='ocr_carea' id='block_1_2' title="bbox 81 512 1237 3141">
    <p class='ocr_par' dir='ltr' id='par_1_2' title="bbox 81 512 1162 1815">
     <span class='ocr_line' id='line_1_2' title="bbox 185 512 1162 614; baseline 0.005 -27"><span class='ocrx_word' id='word_1_7' title='bbox 185 521 365 612; x_wconf 86' lang='lat' dir='ltr'><strong>tamquam</strong></span> <span class='ocrx_word' id='word_1_8' title='bbox 391 512 520 612; x_wconf 84' lang='lat' dir='ltr'><strong>majora</strong></span> <span class='ocrx_word' id='word_1_9' title='bbox 535 514 713 603; x_wconf 87' lang='lat' dir='ltr'><strong>meritum,</strong></span> <span class='ocrx_word' id='word_1_10' title='bbox 736 515 844 613; x_wconf 70' lang='lat' dir='ltr'><strong>quarn</strong></span> <span class='ocrx_word' id='word_1_11' title='bbox 861 543 940 614; x_wconf 81' lang='lat' dir='ltr'><strong>quae</strong></span> <span class='ocrx_word' id='word_1_12' title='bbox 966 514 1079 592; x_wconf 88' lang='lat' dir='ltr'>statim</span> <span class='ocrx_word' id='word_1_13' title='bbox 1099 544 1162 592; x_wconf 84' lang='lat' dir='ltr'><strong>ex·</strong></span> 
     </span>
     <span class='ocr_line' id='line_1_3' title="bbox 183 632 1160 733; baseline 0.004 -26"><span class='ocrx_word' id='word_1_14' title='bbox 183 632 418 708; x_wconf 88' lang='lat' dir='ltr'><strong>solverentur:</strong></span> <span class='ocrx_word' id='word_1_15' title='bbox 449 660 515 707; x_wconf 86' lang='lat' dir='ltr'><strong>nee</strong></span> <span class='ocrx_word' id='word_1_16' title='bbox 543 635 736 733; x_wconf 85' lang='lat' dir='ltr'><strong>quidquam</strong></span> <span class='ocrx_word' id='word_1_17' title='bbox 761 637 852 708; x_wconf 72' lang='lat' dir='ltr'><strong>ultri</strong></span> <span class='ocrx_word' id='word_1_18' title='bbox 880 637 1037 710; x_wconf 85' lang='lat' dir='ltr'><strong>traditur.¹</strong></span> <span class='ocrx_word' id='word_1_19' title='bbox 1093 639 1160 711; x_wconf 89' lang='lat' dir='ltr'><strong>Ce-</strong></span> 
     </span>
     <span class='ocr_line' id='line_1_4' title="bbox 81 744 1160 853; baseline 0.004 -26"><span class='ocrx_word' id='word_1_20' title='bbox 81 744 90 760; x_wconf 52' lang='lat'>⁸</span> <span class='ocrx_word' id='word_1_21' title='bbox 184 755 313 844; x_wconf 73' lang='lat' dir='ltr'><strong>terrim,</strong></span> <span class='ocrx_word' id='word_1_22' title='bbox 339 759 373 829; x_wconf 81' lang='grc' dir='ltr'><strong>δι</strong></span> <span class='ocrx_word' id='word_1_23' title='bbox 391 755 563 853; x_wconf 81' lang='lat' dir='ltr'>prioribus</span> <span class='ocrx_word' id='word_1_24' title='bbox 579 755 711 829; x_wconf 90' lang='lat' dir='ltr'><strong>civium</strong></span> <span class='ocrx_word' id='word_1_25' title='bbox 727 755 841 845; x_wconf 87' lang='lat' dir='ltr'><strong>bellis,</strong></span> <span class='ocrx_word' id='word_1_26' title='bbox 872 748 935 852; x_wconf 85' lang='lat' dir='ltr'><strong>par</strong></span> <span class='ocrx_word' id='word_1_27' title='bbox 950 755 1058 830; x_wconf 85' lang='lat' dir='ltr'><strong>scelus</strong></span> <span class='ocrx_word' id='word_1_28' title='bbox 1075 756 1160 831; x_wconf 89' lang='lat' dir='ltr'><strong>inci·</strong></span> 
     </span>
     <span class='ocr_line' id='line_1_5' title="bbox 182 874 1161 973; baseline 0.002 -25"><span class='ocrx_word' id='word_1_29' title='bbox 182 875 302 948; x_wconf 88' lang='lat' dir='ltr'><strong>derat:</strong></span> <span class='ocrx_word' id='word_1_30' title='bbox 329 900 412 948; x_wconf 87' lang='lat' dir='ltr'><strong>narn</strong></span> <span class='ocrx_word' id='word_1_31' title='bbox 428 874 581 972; x_wconf 75' lang='lat' dir='ltr'><strong>proelio,</strong></span> <span class='ocrx_word' id='word_1_32' title='bbox 605 901 677 973; x_wconf 92' lang='lat' dir='ltr'><strong>quo</strong></span> <span class='ocrx_word' id='word_1_33' title='bbox 703 878 797 972; x_wconf 88' lang='lat' dir='ltr'><strong>apud</strong></span> <span class='ocrx_word' id='word_1_34' title='bbox 821 875 1020 971; x_wconf 86' lang='lat' dir='ltr'><strong>Janiculum</strong></span> <span class='ocrx_word' id='word_1_35' title='bbox 1039 877 1161 950; x_wconf 79' lang='lat' dir='ltr'><strong>adver·</strong></span> 
     </span>
     <span class='ocr_line' id='line_1_6' title="bbox 184 992 1161 1094; baseline 0 -24"><span class='ocrx_word' id='word_1_36' title='bbox 184 992 409 1070; x_wconf 59' lang='lat' dir='ltr'><strong>slts&#39;Cinnam</strong></span> <span class='ocrx_word' id='word_1_37' title='bbox 427 1016 622 1093; x_wconf 85' lang='lat' dir='ltr'><strong>pugnatum</strong></span> <span class='ocrx_word' id='word_1_38' title='bbox 639 995 703 1086; x_wconf 90' lang='lat' dir='ltr'><strong>est,</strong></span> <span class='ocrx_word' id='word_1_39' title='bbox 722 996 956 1094; x_wconf 88' lang='lat' dir='ltr'><strong>Pompeianus</strong></span> <span class='ocrx_word' id='word_1_40' title='bbox 973 997 1072 1071; x_wconf 87' lang='lat' dir='ltr'><strong>miles</strong></span> <span class='ocrx_word' id='word_1_41' title='bbox 1096 996 1161 1070; x_wconf 88' lang='lat' dir='ltr'><strong>fra·</strong></span> 
     </span>
     <span class='ocr_line' id='line_1_7' title="bbox 183 1115 1161 1214; baseline 0.002 -26"><span class='ocrx_word' id='word_1_42' title='bbox 183 1130 275 1190; x_wconf 88' lang='lat' dir='ltr'><strong>trem</strong></span> <span class='ocrx_word' id='word_1_43' title='bbox 291 1116 408 1205; x_wconf 88' lang='lat' dir='ltr'><strong>suum,</strong></span> <span class='ocrx_word' id='word_1_44' title='bbox 425 1116 521 1206; x_wconf 91' lang='lat' dir='ltr'><strong>dein,</strong></span> <span class='ocrx_word' id='word_1_45' title='bbox 548 1115 691 1213; x_wconf 85' lang='lat' dir='ltr'><strong>cognito</strong></span> <span class='ocrx_word' id='word_1_46' title='bbox 707 1115 872 1206; x_wconf 87' lang='lat' dir='ltr'><strong>facinore,</strong></span> <span class='ocrx_word' id='word_1_47' title='bbox 891 1115 1035 1214; x_wconf 87' lang='lat' dir='ltr'><strong>seipsum</strong></span> <span class='ocrx_word' id='word_1_48' title='bbox 1057 1116 1161 1205; x_wconf 83' lang='lat' dir='ltr'><strong>inter·</strong></span> 
     </span>
     <span class='ocr_line' id='line_1_8' title="bbox 182 1231 1162 1334; baseline 0.005 -26"><span class='ocrx_word' id='word_1_49' title='bbox 182 1235 280 1325; x_wconf 79' lang='lat' dir='ltr'><strong>lecit,</strong></span> <span class='ocrx_word' id='word_1_50' title='bbox 305 1258 343 1309; x_wconf 91' lang='lat' dir='ltr'><strong>ut</strong></span> <span class='ocrx_word' id='word_1_51' title='bbox 360 1231 499 1314; x_wconf 85' lang='lat' dir='ltr'>Sisenna</span> <span class='ocrx_word' id='word_1_52' title='bbox 516 1240 708 1309; x_wconf 75' lang='lat' dir='ltr'><strong>memorat:</strong></span> <span class='ocrx_word' id='word_1_53' title='bbox 729 1236 834 1311; x_wconf 77' lang='lat' dir='ltr'><strong>tanti&gt;</strong></span> <span class='ocrx_word' id='word_1_54' title='bbox 851 1236 960 1310; x_wconf 85' lang='lat' dir='ltr'><strong>acrior</strong></span> <span class='ocrx_word' id='word_1_55' title='bbox 978 1239 1072 1334; x_wconf 84' lang='lat' dir='ltr'><strong>apud</strong></span> <span class='ocrx_word' id='word_1_56' title='bbox 1088 1264 1162 1313; x_wconf 85' lang='lat' dir='ltr'><strong>ma·</strong></span> 
     </span>
     <span class='ocr_line' id='line_1_9' title="bbox 176 1347 1162 1455; baseline 0.005 -26"><span class='ocrx_word' id='word_1_57' title='bbox 176 1355 285 1455; x_wconf 78' lang='lat' dir='ltr'><strong>joret,</strong></span> <span class='ocrx_word' id='word_1_58' title='bbox 303 1360 386 1430; x_wconf 84' lang='lat' dir='ltr'><strong>ficut</strong></span> <span class='ocrx_word' id='word_1_59' title='bbox 403 1347 585 1430; x_wconf 85' lang='lat' dir='ltr'><strong>virtutibus</strong></span> <span class='ocrx_word' id='word_1_60' title='bbox 603 1356 727 1455; x_wconf 82' lang='lat' dir='ltr'><strong>gloria,</strong></span> <span class='ocrx_word' id='word_1_61' title='bbox 744 1354 793 1430; x_wconf 80' lang='lat' dir='ltr'><strong>ita</strong></span> <span class='ocrx_word' id='word_1_62' title='bbox 810 1357 950 1455; x_wconf 83' lang='lat' dir='ltr'><strong>flagitiis</strong></span> <span class='ocrx_word' id='word_1_63' title='bbox 964 1358 1162 1454; x_wconf 80' lang='lat' dir='ltr'><strong>paenitentia</strong></span> 
     </span>
     <span class='ocr_line' id='line_1_10' title="bbox 182 1475 1159 1574; baseline 0.002 -24"><span class='ocrx_word' id='word_1_64' title='bbox 182 1475 259 1550; x_wconf 85' lang='lat' dir='ltr'><strong>fuit.</strong></span> <span class='ocrx_word' id='word_1_65' title='bbox 307 1477 375 1563; x_wconf 86' lang='lat' dir='ltr'><strong>Sed</strong></span> <span class='ocrx_word' id='word_1_66' title='bbox 401 1477 476 1549; x_wconf 84' lang='lat' dir='ltr'><strong>haec</strong></span> <span class='ocrx_word' id='word_1_67' title='bbox 498 1475 633 1573; x_wconf 86' lang='lat' dir='ltr'><strong>aliaque</strong></span> <span class='ocrx_word' id='word_1_68' title='bbox 656 1501 701 1549; x_wconf 86' lang='lat' dir='ltr'><strong>ex</strong></span> <span class='ocrx_word' id='word_1_69' title='bbox 720 1475 826 1551; x_wconf 89' lang='lat' dir='ltr'><strong>veteri</strong></span> <span class='ocrx_word' id='word_1_70' title='bbox 851 1478 1018 1552; x_wconf 68' lang='lat' dir='ltr'><strong>memoria</strong></span> <span class='ocrx_word' id='word_1_71' title='bbox 1040 1478 1159 1574; x_wconf 86' lang='lat' dir='ltr'><strong>petita,</strong></span> 
     </span>
     <span class='ocr_line' id='line_1_11' title="bbox 182 1577 1161 1694; baseline 0.002 -26"><span class='ocrx_word' id='word_1_72' title='bbox 182 1597 342 1694; x_wconf 87' lang='lat' dir='ltr'><strong>quotiens</strong></span> <span class='ocrx_word' id='word_1_73' title='bbox 375 1621 427 1670; x_wconf 89' lang='lat' dir='ltr'><strong>res</strong></span> <span class='ocrx_word' id='word_1_74' title='bbox 453 1595 616 1693; x_wconf 84' lang='lat' dir='ltr'><strong>locusque</strong></span> <span class='ocrx_word' id='word_1_75' title='bbox 644 1599 807 1694; x_wconf 85' lang='lat' dir='ltr'><strong>exempla</strong></span> <span class='ocrx_word' id='word_1_76' title='bbox 829 1597 926 1687; x_wconf 77' lang='lat' dir='ltr'><strong>recli,</strong></span> <span class='ocrx_word' id='word_1_77' title='bbox 955 1577 1014 1670; x_wconf 85' lang='lat' dir='ltr'><strong>aut</strong></span> <span class='ocrx_word' id='word_1_78' title='bbox 1043 1597 1161 1683; x_wconf 85' lang='lat' dir='ltr'><strong>solatia</strong></span> 
     </span>
     <span class='ocr_line' id='line_1_12' title="bbox 179 1714 988 1815; baseline -0.001 -24"><span class='ocrx_word' id='word_1_79' title='bbox 179 1716 265 1791; x_wconf 86' lang='lat' dir='ltr'><strong>mali</strong></span> <span class='ocrx_word' id='word_1_80' title='bbox 282 1716 411 1815; x_wconf 88' lang='lat' dir='ltr'><strong>poscet,</strong></span> <span class='ocrx_word' id='word_1_81' title='bbox 430 1717 524 1790; x_wconf 90' lang='lat' dir='ltr'><strong>haud</strong></span> <span class='ocrx_word' id='word_1_82' title='bbox 541 1714 687 1789; x_wconf 69' lang='lat' dir='ltr'><strong>absurde</strong></span> <span class='ocrx_word' id='word_1_83' title='bbox 705 1717 988 1790; x_wconf 76' lang='lat' dir='ltr'><strong>memorabimus.</strong></span> 
     </span>
    </p>

    <p class='ocr_par' dir='ltr' id='par_1_3' title="bbox 167 1835 1237 3141">
     <span class='ocr_line' id='line_1_13' title="bbox 230 1835 1157 1936; baseline -0.005 -26"><span class='ocrx_word' id='word_1_84' title='bbox 230 1839 312 1910; x_wconf 92' lang='lat' dir='ltr'><strong>Lll.</strong></span> <span class='ocrx_word' id='word_1_85' title='bbox 348 1843 538 1912; x_wconf 77' lang='lat' dir='ltr'><strong>Aurouro</strong></span> <span class='ocrx_word' id='word_1_86' title='bbox 567 1835 784 1933; x_wconf 86' lang='lat' dir='ltr'><strong>ducibusque</strong></span> <span class='ocrx_word' id='word_1_87' title='bbox 813 1837 978 1935; x_wconf 85' lang='lat' dir='ltr'><strong>partium,</strong></span> <span class='ocrx_word' id='word_1_88' title='bbox 1014 1845 1042 1881; x_wconf 91' lang='lat'>“</span> <span class='ocrx_word' id='word_1_89' title='bbox 1069 1864 1157 1936; x_wconf 77' lang='lat' dir='ltr'><strong>prae.</strong></span> 
     </span>
     <span class='ocr_line' id='line_1_14' title="bbox 180 1957 1160 2055; baseline 0 -25"><span class='ocrx_word' id='word_1_90' title='bbox 180 1957 317 2031; x_wconf 85' lang='lat' dir='ltr'><strong>“mitti</strong></span> <span class='ocrx_word' id='word_1_91' title='bbox 344 1957 488 2054; x_wconf 86' lang='lat' dir='ltr'><strong>equites,</strong></span> <span class='ocrx_word' id='word_1_92' title='bbox 513 1983 726 2054; x_wconf 89' lang='lat' dir='ltr'><strong>omnemque</strong></span> <span class='ocrx_word' id='word_1_93' title='bbox 750 1957 939 2031; x_wconf 75' lang='lat' dir='ltr'><strong>Umbriam</strong></span> <span class='ocrx_word' id='word_1_94' title='bbox 964 1958 1160 2055; x_wconf 83' lang='lat' dir='ltr'><strong>explorari¹’</strong></span> 
     </span>
     <span class='ocr_line' id='line_1_15' title="bbox 179 2075 1158 2177; baseline 0.002 -27"><span class='ocrx_word' id='word_1_95' title='bbox 179 2077 324 2177; x_wconf 83' lang='lat' dir='ltr'><strong>placuit,</strong></span> <span class='ocrx_word' id='word_1_96' title='bbox 344 2085 383 2129; x_wconf 90' lang='lat'><strong>-“</strong></span> <span class='ocrx_word' id='word_1_97' title='bbox 402 2081 426 2152; x_wconf 81' lang='lat' dir='ltr'><strong>st</strong></span> <span class='ocrx_word' id='word_1_98' title='bbox 448 2078 519 2177; x_wconf 67' lang='lat' dir='ltr'><strong>qul</strong></span> <span class='ocrx_word' id='word_1_99' title='bbox 542 2078 720 2174; x_wconf 86' lang='lat' dir='ltr'><strong>Apennini</strong></span> <span class='ocrx_word' id='word_1_100' title='bbox 740 2075 829 2175; x_wconf 85' lang='lat' dir='ltr'><strong>juga</strong></span> <span class='ocrx_word' id='word_1_101' title='bbox 850 2078 1054 2152; x_wconf 73' lang='lat' dir='ltr'><strong>clementius</strong></span> <span class='ocrx_word' id='word_1_102' title='bbox 1083 2079 1158 2155; x_wconf 85' lang='lat' dir='ltr'><strong>adi·</strong></span> 
     </span>
     <span class='ocr_line' id='line_1_16' title="bbox 179 2191 1200 2297; baseline 0.002 -26"><span class='ocrx_word' id='word_1_103' title='bbox 179 2205 210 2243; x_wconf 89' lang='lat'><strong>“</strong></span> <span class='ocrx_word' id='word_1_104' title='bbox 229 2220 381 2271; x_wconf 65' lang='lat' dir='ltr'><strong>rentur:&gt;</strong></span> <span class='ocrx_word' id='word_1_105' title='bbox 409 2197 511 2271; x_wconf 89' lang='lat' dir='ltr'><strong>acciri</strong></span> <span class='ocrx_word' id='word_1_106' title='bbox 542 2198 674 2295; x_wconf 85' lang='lat' dir='ltr'><strong>aquilas</strong></span> <span class='ocrx_word' id='word_1_107' title='bbox 708 2202 885 2297; x_wconf 77' lang='lat' dir='ltr'><strong>signaque,</strong></span> <span class='ocrx_word' id='word_1_108' title='bbox 918 2204 952 2271; x_wconf 75' lang='grc' dir='ltr'><strong>δε</strong></span> <span class='ocrx_word' id='word_1_109' title='bbox 985 2199 1161 2297; x_wconf 88' lang='lat' dir='ltr'><strong>quidquid</strong></span> <span class='ocrx_word' id='word_1_110' title='bbox 1198 2191 1200 2193; x_wconf 31' lang='lat'><strong><em>¹</em></strong></span> 
     </span>
     <span class='ocr_line' id='line_1_17' title="bbox 178 2312 1160 2415; baseline 0.002 -24"><span class='ocrx_word' id='word_1_111' title='bbox 178 2326 208 2365; x_wconf 89' lang='lat'><strong>“</strong></span> <span class='ocrx_word' id='word_1_112' title='bbox 226 2323 376 2393; x_wconf 89' lang='lat' dir='ltr'><strong>Veronae</strong></span> <span class='ocrx_word' id='word_1_113' title='bbox 395 2317 546 2391; x_wconf 91' lang='lat' dir='ltr'><strong>militum</strong></span> <span class='ocrx_word' id='word_1_114' title='bbox 561 2317 670 2391; x_wconf 83' lang='lat' dir='ltr'><strong>foret:</strong></span> <span class='ocrx_word' id='word_1_115' title='bbox 688 2319 942 2415; x_wconf 85' lang='lat' dir='ltr'><strong>Padumque&amp;</strong></span> <span class='ocrx_word' id='word_1_116' title='bbox 956 2312 1160 2393; x_wconf 83' lang='lat' dir='ltr'><strong>marecom-</strong></span> 
     </span>
     <span class='ocr_line' id='line_1_18' title="bbox 176 2438 1216 2538; baseline -0.001 -24"><span class='ocrx_word' id='word_1_117' title='bbox 176 2440 396 2514; x_wconf 74' lang='lat' dir='ltr'><strong>“meatibus</strong></span> <span class='ocrx_word' id='word_1_118' title='bbox 423 2438 627 2535; x_wconf 84' lang='lat' dir='ltr'><strong>compleri.”</strong></span> <span class='ocrx_word' id='word_1_119' title='bbox 694 2442 802 2512; x_wconf 84' lang='lat' dir='ltr'><strong>Erant</strong></span> <span class='ocrx_word' id='word_1_120' title='bbox 831 2438 918 2511; x_wconf 93' lang='lat' dir='ltr'><strong>inter</strong></span> <span class='ocrx_word' id='word_1_121' title='bbox 944 2439 1064 2530; x_wconf 86' lang='lat' dir='ltr'><strong>duces,</strong></span> <span class='ocrx_word' id='word_1_122' title='bbox 1096 2440 1159 2538; x_wconf 92' lang='lat' dir='ltr'><strong>qui</strong></span> <span class='ocrx_word' id='word_1_123' title='bbox 1215 2518 1216 2522; x_wconf 48' lang='lat'><strong>,</strong></span> 
     </span>
     <span class='ocr_line' id='line_1_19' title="bbox 178 2557 1156 2656; baseline -0.001 -22"><span class='ocrx_word' id='word_1_124' title='bbox 178 2562 354 2634; x_wconf 69' lang='lat' dir='ltr'><strong>necterent</strong></span> <span class='ocrx_word' id='word_1_125' title='bbox 386 2585 523 2633; x_wconf 83' lang='lat' dir='ltr'><strong>moras:</strong></span> <span class='ocrx_word' id='word_1_126' title='bbox 551 2558 685 2656; x_wconf 87' lang='lat' dir='ltr'><strong>quippe</strong></span> <span class='ocrx_word' id='word_1_127' title='bbox 713 2558 839 2632; x_wconf 85' lang='lat' dir='ltr'><strong>nimius</strong></span> <span class='ocrx_word' id='word_1_128' title='bbox 861 2557 937 2654; x_wconf 83' lang='lat' dir='ltr'><strong>jam</strong></span> <span class='ocrx_word' id='word_1_129' title='bbox 967 2559 1156 2650; x_wconf 80' lang='lat' dir='ltr'><strong>Antonius,</strong></span> 
     </span>
     <span class='ocr_line' id='line_1_20' title="bbox 179 2678 1158 2793; baseline 0 -39"><span class='ocrx_word' id='word_1_130' title='bbox 179 2682 392 2755; x_wconf 85' lang='lat' dir='ltr'><strong>&amp;certiora</strong></span> <span class='ocrx_word' id='word_1_131' title='bbox 423 2704 468 2753; x_wconf 88' lang='lat' dir='ltr'><strong>ex</strong></span> <span class='ocrx_word' id='word_1_132' title='bbox 503 2680 676 2754; x_wconf 89' lang='lat' dir='ltr'><strong>Muciano</strong></span> <span class='ocrx_word' id='word_1_133' title='bbox 707 2678 941 2793; x_wconf 72' lang='lat' dir='ltr'><strong>sperabantur.</strong></span> <span class='ocrx_word' id='word_1_134' title='bbox 990 2682 1158 2779; x_wconf 86' lang='lat' dir='ltr'><strong>Namque</strong></span> 
     </span>
     <span class='ocr_line' id='line_1_21' title="bbox 167 2798 1237 2898; baseline 0.001 -24"><span class='ocrx_word' id='word_1_135' title='bbox 167 2800 384 2888; x_wconf 83' lang='lat' dir='ltr'><strong>Mucianus,</strong></span> <span class='ocrx_word' id='word_1_136' title='bbox 414 2820 486 2872; x_wconf 88' lang='lat' dir='ltr'><strong>tarn</strong></span> <span class='ocrx_word' id='word_1_137' title='bbox 510 2800 613 2873; x_wconf 90' lang='lat' dir='ltr'><strong>celeri</strong></span> <span class='ocrx_word' id='word_1_138' title='bbox 630 2800 774 2875; x_wconf 68' lang='lat' dir='ltr'><strong>viclorid</strong></span> <span class='ocrx_word' id='word_1_139' title='bbox 793 2798 932 2891; x_wconf 81' lang='lat' dir='ltr'><strong>anxius,</strong></span> <span class='ocrx_word' id='word_1_140' title='bbox 962 2801 999 2873; x_wconf 76' lang='grc' dir='ltr'><strong>δι</strong></span> <span class='ocrx_word' id='word_1_141' title='bbox 1016 2801 1052 2874; x_wconf 93' lang='lat' dir='ltr'><strong>ni</strong></span> <span class='ocrx_word' id='word_1_142' title='bbox 1070 2828 1156 2898; x_wconf 85' lang='lat' dir='ltr'><strong>prae-</strong></span> <span class='ocrx_word' id='word_1_143' title='bbox 1178 2855 1180 2863; x_wconf 63' lang='grc'><strong><em>»</em></strong></span> <span class='ocrx_word' id='word_1_144' title='bbox 1234 2862 1237 2868; x_wconf 90' lang='grc'>.</span> 
     </span>
     <span class='ocr_line' id='line_1_22' title="bbox 178 2919 1157 3020; baseline 0.003 -28"><span class='ocrx_word' id='word_1_145' title='bbox 178 2919 256 2999; x_wconf 80' lang='lat' dir='ltr'><strong>&#39;sens</strong></span> <span class='ocrx_word' id='word_1_146' title='bbox 285 2923 388 2995; x_wconf 88' lang='lat' dir='ltr'><strong>Urbe</strong></span> <span class='ocrx_word' id='word_1_147' title='bbox 409 2919 585 3018; x_wconf 88' lang='lat' dir='ltr'><strong>potiretur,</strong></span> <span class='ocrx_word' id='word_1_148' title='bbox 608 2941 787 3018; x_wconf 83' lang='lat' dir='ltr'><strong>expertem</strong></span> <span class='ocrx_word' id='word_1_149' title='bbox 812 2920 845 2994; x_wconf 89' lang='lat' dir='ltr'><strong>se</strong></span> <span class='ocrx_word' id='word_1_150' title='bbox 868 2921 951 2995; x_wconf 88' lang='lat' dir='ltr'><strong>belli</strong></span> <span class='ocrx_word' id='word_1_151' title='bbox 969 2923 1157 3020; x_wconf 72' lang='lat' dir='ltr'><strong>gloriaque</strong></span> 
     </span>
     <span class='ocr_line' id='line_1_23' title="bbox 177 3039 1155 3141; baseline -0.003 -24"><span class='ocrx_word' id='word_1_152' title='bbox 177 3060 283 3131; x_wconf 90' lang='lat' dir='ltr'><strong>ratus,</strong></span> <span class='ocrx_word' id='word_1_153' title='bbox 311 3044 357 3115; x_wconf 91' lang='lat' dir='ltr'><strong>ad</strong></span> <span class='ocrx_word' id='word_1_154' title='bbox 385 3039 542 3118; x_wconf 87' lang='lat' dir='ltr'><strong>Primum</strong></span> <span class='ocrx_word' id='word_1_155' title='bbox 565 3043 600 3113; x_wconf 72' lang='lat' dir='ltr'><strong>br</strong></span> <span class='ocrx_word' id='word_1_156' title='bbox 624 3044 757 3116; x_wconf 85' lang='lat' dir='ltr'><strong>Varum</strong></span> <span class='ocrx_word' id='word_1_157' title='bbox 785 3042 900 3118; x_wconf 87' lang='lat' dir='ltr'><strong>media</strong></span> <span class='ocrx_word' id='word_1_158' title='bbox 927 3042 1155 3141; x_wconf 87' lang='lat' dir='ltr'><strong>scriptitabat,</strong></span> 
     </span>
    </p>
   </div>
   <div class='ocr_carea' id='block_1_3' title="bbox 177 3161 1156 3259">
    <p class='ocr_par' dir='ltr' id='par_1_4' title="bbox 177 3161 1156 3259">
     <span class='ocr_line' id='line_1_24' title="bbox 177 3161 1156 3259; baseline 0.003 -25"><span class='ocrx_word' id='word_1_159' title='bbox 177 3168 209 3211; x_wconf 79' lang='lat'><strong>¹⁴</strong></span> <span class='ocrx_word' id='word_1_160' title='bbox 235 3162 432 3236; x_wconf 85' lang='lat' dir='ltr'><strong>instandum</strong></span> <span class='ocrx_word' id='word_1_161' title='bbox 473 3162 637 3259; x_wconf 87' lang='lat' dir='ltr'><strong>coeptis,’&#39;</strong></span> <span class='ocrx_word' id='word_1_162' title='bbox 672 3183 731 3236; x_wconf 90' lang='lat' dir='ltr'><strong>aut</strong></span> <span class='ocrx_word' id='word_1_163' title='bbox 771 3161 881 3237; x_wconf 74' lang='lat' dir='ltr'><strong>narsus</strong></span> <span class='ocrx_word' id='word_1_164' title='bbox 914 3164 1156 3238; x_wconf 71' lang='lat' dir='ltr'><strong>“cunctandi</strong></span> 
     </span>
    </p>
   </div>
   <div class='ocr_carea' id='block_1_4' title="bbox 173 3283 1160 3870">
    <p class='ocr_par' dir='ltr' id='par_1_5' title="bbox 173 3283 1160 3870">
     <span class='ocr_line' id='line_1_25' title="bbox 176 3283 1156 3381; baseline -0.003 -22"><span class='ocrx_word' id='word_1_165' title='bbox 176 3287 209 3327; x_wconf 87' lang='lat'><strong>“</strong></span> <span class='ocrx_word' id='word_1_166' title='bbox 224 3283 412 3359; x_wconf 87' lang='lat' dir='ltr'><strong>utilitates”</strong></span> <span class='ocrx_word' id='word_1_167' title='bbox 439 3283 645 3377; x_wconf 62' lang='lat' dir='ltr'><strong>edifferens3</strong></span> <span class='ocrx_word' id='word_1_168' title='bbox 669 3306 774 3381; x_wconf 90' lang='lat' dir='ltr'><strong>atque</strong></span> <span class='ocrx_word' id='word_1_169' title='bbox 795 3284 841 3355; x_wconf 86' lang='lat' dir='ltr'><strong>ita</strong></span> <span class='ocrx_word' id='word_1_170' title='bbox 869 3287 1092 3381; x_wconf 83' lang='lat' dir='ltr'><strong>compofitns,</strong></span> <span class='ocrx_word' id='word_1_171' title='bbox 1117 3302 1156 3358; x_wconf 90' lang='lat' dir='ltr'><strong>ut</strong></span> 
     </span>
     <span class='ocr_line' id='line_1_26' title="bbox 173 3403 1155 3502; baseline 0.004 -27"><span class='ocrx_word' id='word_1_172' title='bbox 173 3429 221 3476; x_wconf 85' lang='lat' dir='ltr'><strong>ex</strong></span> <span class='ocrx_word' id='word_1_173' title='bbox 244 3425 371 3477; x_wconf 84' lang='lat' dir='ltr'><strong>eventu</strong></span> <span class='ocrx_word' id='word_1_174' title='bbox 394 3429 510 3477; x_wconf 89' lang='lat' dir='ltr'><strong>rerum</strong></span> <span class='ocrx_word' id='word_1_175' title='bbox 535 3403 674 3478; x_wconf 83' lang='lat' dir='ltr'><strong>adversa</strong></span> <span class='ocrx_word' id='word_1_176' title='bbox 700 3409 879 3492; x_wconf 86' lang='lat' dir='ltr'><strong>abnueret,</strong></span> <span class='ocrx_word' id='word_1_177' title='bbox 910 3406 966 3475; x_wconf 91' lang='lat' dir='ltr'><strong>vel</strong></span> <span class='ocrx_word' id='word_1_178' title='bbox 997 3404 1155 3502; x_wconf 88' lang='lat' dir='ltr'><strong>prospera</strong></span> 
     </span>
     <span class='ocr_line' id='line_1_27' title="bbox 175 3524 1152 3622; baseline -0.001 -24"><span class='ocrx_word' id='word_1_179' title='bbox 175 3524 382 3622; x_wconf 84' lang='lat' dir='ltr'><strong>agnosceret.</strong></span> <span class='ocrx_word' id='word_1_180' title='bbox 442 3525 604 3598; x_wconf 83' lang='lat' dir='ltr'><strong>Plotium</strong></span> <span class='ocrx_word' id='word_1_181' title='bbox 616 3524 807 3621; x_wconf 89' lang='lat' dir='ltr'><strong>Griphum,</strong></span> <span class='ocrx_word' id='word_1_182' title='bbox 833 3548 944 3619; x_wconf 88' lang='lat' dir='ltr'><strong>nuper</strong></span> <span class='ocrx_word' id='word_1_183' title='bbox 957 3528 1007 3599; x_wconf 89' lang='lat' dir='ltr'><strong>-ab</strong></span> <span class='ocrx_word' id='word_1_184' title='bbox 1024 3525 1152 3622; x_wconf 89' lang='lat' dir='ltr'><strong>Vespa·</strong></span> 
     </span>
     <span class='ocr_line' id='line_1_28' title="bbox 173 3636 1160 3741; baseline 0 -25"><span class='ocrx_word' id='word_1_185' title='bbox 173 3647 265 3717; x_wconf 73' lang='lat' dir='ltr'><strong>siano</strong></span> <span class='ocrx_word' id='word_1_186' title='bbox 280 3645 317 3717; x_wconf 90' lang='lat' dir='ltr'><strong>in</strong></span> <span class='ocrx_word' id='word_1_187' title='bbox 337 3646 544 3720; x_wconf 86' lang='lat' dir='ltr'><strong>senatorium</strong></span> <span class='ocrx_word' id='word_1_188' title='bbox 567 3644 726 3719; x_wconf 90' lang='lat' dir='ltr'><strong>ordinem</strong></span> <span class='ocrx_word' id='word_1_189' title='bbox 753 3643 927 3733; x_wconf 86' lang='lat' dir='ltr'><strong>additum,</strong></span> <span class='ocrx_word' id='word_1_190' title='bbox 955 3670 996 3719; x_wconf 87' lang='lat' dir='ltr'><strong>ac</strong></span> <span class='ocrx_word' id='word_1_191' title='bbox 1022 3636 1160 3741; x_wconf 58' lang='lat' dir='ltr'><strong>legioni*</strong></span> 
     </span>
     <span class='ocr_line' id='line_1_29' title="bbox 174 3763 1151 3870; baseline -0.007 -25"><span class='ocrx_word' id='word_1_192' title='bbox 174 3769 409 3870; x_wconf 65' lang='lat' dir='ltr'><strong>prepositum,</strong></span> <span class='ocrx_word' id='word_1_193' title='bbox 442 3764 639 3865; x_wconf 79' lang='lat' dir='ltr'><strong>ceterosque</strong></span> <span class='ocrx_word' id='word_1_194' title='bbox 670 3763 731 3837; x_wconf 85' lang='lat' dir='ltr'><strong>stbi</strong></span> <span class='ocrx_word' id='word_1_195' title='bbox 760 3766 863 3856; x_wconf 83' lang='lat' dir='ltr'><strong>lidos,</strong></span> <span class='ocrx_word' id='word_1_196' title='bbox 895 3764 1045 3863; x_wconf 80' lang='lat' dir='ltr'><strong>apertius</strong></span> <span class='ocrx_word' id='word_1_197' title='bbox 1074 3786 1151 3838; x_wconf 86' lang='lat' dir='ltr'><strong>mo-</strong></span> 
     </span>
    </p>
   </div>
   <div class='ocr_carea' id='block_1_5' title="bbox 0 0 1414 4694">
    <p class='ocr_par' dir='ltr' id='par_1_6' title="bbox 0 0 1414 4694">
     <span class='ocr_line' id='line_1_30' title="bbox 0 0 1414 4694; baseline 0 2"><span class='ocrx_word' id='word_1_198' title='bbox 0 0 1414 4694; x_wconf 95' lang='lat' dir='ltr'><strong> </strong></span> 
     </span>
    </p>
   </div>
  </div>
 </body>
</html>
