2806 4694
334 344 740 455 Hrs‘ronrasnuir
774 368 884 441 Lru.
919 368 948 440 Ι.
1096 397 1137 445 21

158 542 400 644 perditissimo,
431 570 503 618 non
519 542 607 642 agri,
625 562 684 617 aut
711 540 825 632 fenus,
848 541 906 618 sed
930 542 999 618 sola
1021 542 1142 619 instru-

157 685 279 740 menta
315 664 479 743 vitiorum
521 683 714 739 manerent.
777 663 964 748 Exaslioni
1001 663 1143 762 triginta

158 786 296 884 equites
321 783 488 871 Romani
507 782 704 882 praepofiti3
736 810 867 858 novum
891 783 995 859 officii
1016 810 1140 884 genus,

158 905 353 980 &ambitu
387 931 427 980 ac
454 930 602 978 numero
626 903 836 977 onerosum:
872 905 1004 1003 ubique
1031 904 1140 998 hasta,

159 1030 195 1099 ὅτ
213 1024 340 1113 seston
372 1025 577 1123 &inquieta
598 1028 682 1098 urbs
710 1024 940 1098 audionibus.
972 1030 1141 1099 Attamen

160 1149 292 1245 grande
309 1147 491 1245 gaudium,
513 1144 609 1243 qubd
625 1167 698 1218 tam
715 1171 882 1242 pauperes
910 1143 1035 1235 forent,
1063 1146 1139 1244 qui·

157 1269 224 1342 bus
264 1270 421 1353 donasset
465 1269 579 1354 Nero,
633 1266 740 1362 quam
780 1265 906 1362 quibus
940 1266 1139 1340 abstulisset.

160 1387 392 1461 Exaustorati
410 1412 473 1484 per
489 1412 546 1459 eos
570 1386 643 1459 dies
665 1385 809 1474 tribuni,
837 1412 856 1459 e
879 1391 1041 1482 praetorio
1063 1393 1140 1460 An-

161 1508 278 1584 tonius
308 1510 456 1597 Taurus,
483 1513 517 1582 &
547 1506 725 1580 Antonius
753 1504 874 1579 Naso:
910 1531 954 1578 ex
989 1506 1142 1581 Urbanis

160 1628 375 1717 cohortibus,
400 1628 567 1701 AEmilius
594 1629 774 1701 Pacensis:
803 1651 822 1698 e
855 1625 998 1723 vigiliis,
1028 1627 1142 1721 Julius

159 1750 305 1822 Fronto.
355 1750 434 1822 Nec
458 1747 652 1822 remedium
667 1747 704 1818 in
731 1765 863 1819 ceteros
881 1743 960 1835 suit,
985 1744 1140 1821 sedme·
1202 1809 1206 1823 .

158 1869 215 1941 ths
231 1867 389 1945 initium:
419 1890 602 1967 tamquam
625 1892 686 1965 per
712 1887 821 1942 artem
853 1870 886 1939 δι
915 1864 1139 1944 formidinem

163 1988 288 2086 singuli
312 1991 533 2086 pellerentur,
560 1971 729 2061 omnibus*
751 1984 937 2083 suspedlis,

210 2110 312 2183 XXI.
337 2113 519 2185 Iurnasa
537 2110 732 2198 Othonem,
764 2106 836 2196 cui,
864 2108 1141 2204 compositis-re-

161 2232 239 2320 bus,
269 2231 366 2304 nulla
381 2229 471 2332 spes,
499 2254 605 2302 omne
621 2227 658 2302 in
673 2226 815 2301 turbido
831 2229 1030 2317 consilium,
1049 2232 1141 2302 mul-

160 2369 195 2422 ta
222 2353 322 2425 fimul
355 2349 651 2423 exstimulabant:
683 2347 821 2421 luxuria
852 2348 957 2422 etiam
987 2349 1141 2446 Principi
1233 2401 1237 2425 r

130 2482 139 2490 “
160 2469 314 2561 onerosa,
344 2468 466 2566 inopia
483 2468 544 2544 vix
563 2467 700 2566 privato
716 2468 919 2559 toleranda,
936 2468 972 2541 in
989 2471 1143 2550 Galbam

158 2589 220 2680 ira,
250 2591 286 2663 in
319 2588 481 2680 Pisonem
509 2587 653 2677 invidia.
712 2587 886 2687 Fingebat
919 2594 952 2664 &
987 2610 1138 2682 metum,

78 2739 89 2758 ¹
161 2737 234 2806 quo
251 2711 364 2809 magis
380 2707 650 2808 concupisceret.
683 2715 710 2749 “
722 2709 943 2806 Praegravem
957 2710 990 2784 se
1006 2711 1140 2786 Neroni

164 2834 194 2870 “
214 2825 336 2901 suiffe:
361 2856 426 2919 nee
450 2823 666 2919 Luhtaniam
682 2828 811 2919 rursus,
827 2833 861 2901 a
879 2830 1016 2903 alterius
1034 2833 1141 2908 exsilii
1226 2848 1229 2860 ¹

163 2955 192 2991 “
210 2949 385 3023 honorem
403 2946 670 3051 exspedlandpm
689 2977 697 3023 ε
726 2946 918 3044 suspeslum
935 2947 1068 3049 semper
1085 2951 1139 3028 in·

159 3077 191 3157 ,“
208 3065 396 3165 visumque
428 3068 703 3159 dominantibus,
733 3068 794 3166 qui
829 3069 1009 3165 proximus
1038 3073 1140 3146 desti·
1257 3076 1259 3082 ’

158 3197 191 3265 ,“
211 3210 356 3263 nasetur.
408 3188 576 3262 Nocuilse
600 3190 644 3284 id
673 3188 733 3263 fibi
761 3189 854 3286 apud
874 3187 989 3262 senem
1007 3191 1140 3267 Princi-

163 3317 191 3353 “
209 3336 320 3407 pemjs
346 3309 459 3410 magis
476 3309 674 3384 nociturum
690 3306 976 3407 apudjuvenem,
999 3311 1142 3411 ingenio

162 3437 190 3473 “
208 3450 357 3520 trucem,
402 3435 436 3504 &
472 3432 582 3529 longo
611 3429 729 3503 exsilio
762 3430 952 3504 efferatum.
1014 3434 1141 3507 Occidi

118 3612 120 3616 .
161 3552 386 3627 “Othonem
405 3554 520 3648 posse:
552 3549 698 3648 proinde
716 3551 894 3648 agendum
922 3553 1140 3626 audendum·

161 3677 193 3723 s‘
211 3697 293 3770 que,
319 3674 407 3746 dum
431 3673 556 3744 Galbae
579 3669 762 3742 audioritas
779 3672 889 3762 fluxa,
904 3670 1036 3746 Pisonis
1052 3699 1139 3746 non-
1242 3722 1245 3726 -

161 3799 190 3845 ‘⁴
208 3793 297 3876 dum
325 3790 511 3872 coaluiffet.
562 3791 789 3887 Opportunos
804 3791 1140 3899 magnisconatibus
1238 3820 1244 3830 ’

188 3916 190 3920 ⁴
627 3909 657 3987 c
688 3934 708 4015 3
