2820 4694
243 326 317 403 2⁶6
452 324 1043 431 C.Coarrar.rrTncrrr

244 505 274 544 “
292 500 399 598 nique
414 498 511 571 ausos
527 519 585 573 aut
598 499 734 576 libertas
751 500 923 600 sequetur,
942 522 1002 575 aut
1014 499 1097 574 vids-i
1113 498 1224 578 iidem
1291 516 1293 523 ²

243 628 273 665 “
290 619 464 694 erimus'’‘
491 619 546 694 Sic
561 621 757 713 accensum,
771 621 830 697 sed
849 630 877 666 “
896 623 1058 697 molliora
1074 619 1224 696 reserre”

238 740 370 842 jussum
384 740 539 816 dimittit.
588 743 665 834 Ille,
690 763 730 817 ut
748 743 861 819 irritus
879 743 1073 842 legationis,
1103 742 1219 835 rediit,

242 884 357 939 cetera
372 862 596 954 dissimulans,
626 891 704 962 quae
722 871 810 939 mox'
821 869 975 963 erupdre.

180 1081 187 1090 ι
289 973 662 1077 XXXIIbCrvrms,
688 1006 784 1083 parte
796 987 974 1084 copiarum
987 987 1131 1075 retentlr,
1159 1010 1221 1057 ve-

242 1126 377 1182 teranas
400 1107 582 1197 cohortes,
620 1108 779 1205 &quod
813 1134 833 1182 e
860 1106 1043 1181 Germanis
1071 1098 1222 1180 maxime

243 1248 468 1328 promptum,
494 1229 658 1302 adversus
675 1230 849 1303 Voculam
872 1227 1132 1325 exercitumque
1153 1224 1224 1322 ejus

244 1349 354 1428 mittit
369 1378 379 1436 ;
406 1350 503 1446 Julio
519 1349 698 1439 Maximo,
726 1355 760 1424 δι
773 1350 922 1425 Claudio
934 1349 1088 1439 Vidtore,
1106 1345 1227 1420 sororis

205 1564 208 1579 Ι
243 1470 312 1547 suae
337 1472 425 1562 filio,
451 1471 613 1546 ducibus.
663 1471 822 1570 Rapiunt
849 1473 884 1545 in
912 1477 1056 1547 tranfitu
1085 1470 1230 1544 hiberna

244 1596 322 1683 alae,
360 1591 559 1688 Asciburgii
588 1596 658 1671 fita.
709 1592 883 1687 Adeoque
915 1591 1091 1688 improvisi
1120 1591 1227 1665 castra

179 1771 183 1776 .
242 1712 453 1799 involavdre,
491 1731 528 1781 ut
557 1736 629 1783 non
657 1709 813 1807 adloqui,
836 1690 912 1783 non
937 1713 1089 1808 pandere
1114 1711 1227 1784 aciem

241 1830 379 1902 Vocula
403 1826 578 1921 potuerit.v
617 1830 659 1901 Id
680 1827 805 1918 solum,
831 1850 870 1903 ut
892 1830 929 1905 in
952 1832 1118 1921 tumultu,
1148 1856 1226 1904 mo·

239 1945 329 2036 nuit,
357 1952 384 1988 “
402 1943 610 2044 subsignano
626 1946 736 2021 milite
752 1949 868 2023 media
886 1951 1027 2026 firmare
1041 1952 1078 2024 :''
1097 1951 1229 2024 auxilia

240 2069 362 2167 passim
382 2064 589 2141 circumfusa
612 2064 700 2142 sunt.
752 2072 870 2167 Eques
897 2068 1071 2166 prorupit,
1098 2096 1226 2167 excep-

242 2187 365 2287 tusque
377 2187 575 2285 compositis
590 2187 745 2265 hostium
758 2173 954 2279 ordinibus,
980 2209 1079 2286 terga
1094 2188 1130 2261 in
1146 2187 1227 2263 suos

243 2309 358 2384 vertit.
407 2310 530 2383 Caedes
551 2309 647 2400 inde,
673 2335 746 2384 non
772 2309 946 2407 proelium.
998 2311 1044 2382 Et
1069 2309 1223 2385 Nervio-

241 2457 322 2506 rum
346 2432 518 2521 cohortes,
544 2451 641 2505 metu
652 2428 710 2504 seu
728 2428 884 2528 perfidia,
910 2430 1016 2504 latera
1031 2429 1224 2534 nostrorum

215 2584 221 2593 1
242 2553 430 2628 nudavdre.
466 2551 522 2626 Sic
538 2552 584 2626 ad
597 2550 750 2651 legiones
767 2571 1000 2649 perventum:
1018 2577 1112 2649 quae,
1123 2550 1225 2625 amis·

242 2677 285 2748 sis
302 2671 419 2771 signis,
444 2670 533 2745 intra
544 2658 678 2746 vallum
693 2672 950 2771 sternebantur,
970 2672 1052 2746 cirm
1071 2672 1228 2770 repente,

110 2820 129 2832 ³
244 2821 340 2869 novo
357 2792 504 2883 auxilio,
526 2791 665 2870 fortuna
680 2819 808 2893 pugnae
826 2814 990 2871 mutatur.
1030 2791 1228 2868 Vasconum

241 2917 343 2991 leslae
358 2943 380 2992 a
395 2916 508 2989 Galba
524 2915 698 3006 cohortes,
723 2941 764 2989 ac
788 2936 865 2989 tum
882 2914 1017 3004 accitae,
1042 2915 1133 2989 dum
1157 2912 1227 2988 cas·

243 3032 304 3110 'tris
321 3036 571 3136 propinquant,
588 3035 707 3110 audito
723 3035 964 3134 proeliantium
981 3037 1149 3126 clamore,
1172 3034 1226 3107 in·

242 3175 356 3230 tentos
367 3158 481 3232 hostes
498 3179 631 3257 atergo
649 3156 832 3246 invadunt,
857 3155 1101 3256 latioremque,
1120 3155 1230 3254 quam

243 3301 309 3375 pro
336 3303 499 3373 numero,
524 3298 691 3354 terrorem
716 3276 872 3354 faciunt:
912 3276 986 3352 aliis
1014 3303 1042 3350 a·
1058 3277 1225 3363 Novefio,

243 3395 317 3472 aliis
334 3422 355 3470 a
370 3397 605 3498 Mogontiaco
620 3397 792 3473 universas
809 3399 928 3498 copias
951 3395 1124 3475 advenisse
1150 3417 1226 3467 cre·

243 3515 418 3594 dentibus.
460 3519 492 3592 Is
510 3545 601 3595 error
614 3520 787 3596 Romanis
803 3521 900 3595 addit
916 3520 1063 3609 animos,
1082 3520 1116 3590 δι
1134 3514 1226 3592 dum

243 3636 362 3716 alienis
390 3635 519 3711 viribus
546 3643 745 3734 confidunt,
777 3641 852 3718 suas
880 3641 1048 3738 recepere.
1098 3637 1225 3723 Fortis·

178 3814 180 3823 ·
244 3768 349 3843 fimus
366 3755 511 3861 quisque
534 3783 553 3832 e
576 3761 725 3856 Batavis,
752 3782 920 3866 quantum
949 3759 1110 3860 peditum
1136 3778 1226 3850 erat,
