2806 4694
341 329 755 426 'Hrsronranuni
790 352 903 423 Lan.
928 351 958 423 1.
1106 377 1151 444 4¹

170 545 240 601 tur.
291 525 403 624 Igitur
428 526 522 625 juffu
555 525 596 598 C.
632 524 772 599 Caesaris
804 545 966 597 oneratus
996 525 1151 598 catenis:

171 673 275 735 mox,
308 646 500 719 mutatione
527 667 744 742 temporum,
771 644 941 733 dimissus,
967 641 1064 717 cursu
1093 647 1156 717 ho·

173 793 299 840 norum
322 765 503 856 inoffenso,
531 766 662 864 legioni
693 765 769 864 post
787 785 974 863 praeturam
992 770 1155 863 praeposr-

173 908 243 976 tus,
262 886 507 986 probatusque,
535 886 647 959 servili
662 886 826 982 deinceps
845 888 974 983 probro
990 883 1156 982 respersus

175 1008 236 1097 est,
252 1029 434 1107 tamquam
450 1007 619 1105 scyphum
637 1032 782 1079 aureum
809 1007 844 1077 in
863 1006 1028 1078 convivio
1048 1008 1155 1080 Clau-

176 1128 226 1200 dii
242 1129 398 1214 furatus3
431 1112 648 1218 &Claudius
669 1126 800 1223 postera
828 1125 886 1198 die
913 1125 973 1198 soli
996 1127 1157 1200 omnium
1206 1172 1207 1188 κ

176 1248 282 1322 Vinio
300 1249 465 1337 fictilibus
489 1247 674 1319 ministrari
695 1245 801 1344 jussit.
851 1246 918 1319 Sed
938 1246 1059 1318 Vinius
1077 1273 1156 1344 pr0÷

176 1367 357 1442 consulatu
373 1368 525 1440 Galliam
543 1365 806 1440 Narbonensem
822 1364 936 1439 sever&
952 1367 1158 1465 integrasque

180 1488 293 1560 rexit:
336 1513 422 1560 mox
451 1488 572 1560 Galbae
590 1486 743 1560 amicitib
772 1487 817 1576 ip*
839 1491 1030 1585 abruptum
1068 1510 1157 1562 trac·

174 1629 247 1695 tus,
265 1610 393 1697 audax,
412 1609 570 1696 callidus,
591 1629 789 1705 promptus,
816 1611 864 1696 &,
885 1628 985 1704 prout
1000 1607 1158 1682 animum

176 1728 384 1817 intendisset,
402 1756 542 1825 pravus,
559 1727 619 1802 aut
635 1727 836 1818 industrius,
855 1729 975 1801 easdem
998 1729 1045 1800 vi.
1072 1727 1157 1801 Tes-

110 1834 113 1841 ¹
176 1871 374 1923 tamentum
401 1852 448 1921 T.
473 1849 568 1922 Vinii
594 1848 837 1947 magnitudine
864 1875 973 1945 opum
1001 1849 1156 1922 irritum:

177 1968 308 2042 Pisonis
324 1968 517 2066 supremam
534 1972 754 2046 voluntatem
773 1992 954 2068 paupertas
972 1949 1135 2044 firmabit.

227 2093 365 2164 XLIX.
391 2093 546 2165 Gaurus
573 2116 701 2188 corpus
729 2091 790 2164 diu
818 2093 1032 2189 negleclum,
1057 2097 1091 2164 δι
1116 2092 1157 2164 li.

177 2211 288 2285 centis
322 2211 543 2284 tenebrarum
584 2210 741 2307 plurimis
782 2210 941 2285 ludibriis
973 2224 1154 2303 vexatum,

176 2331 386 2429 dispensator
404 2330 549 2429 Argius,
578 2356 597 2404 e
626 2330 794 2428 prioribus
819 2330 949 2420 servisf
966 2331 1090 2404 humili
1106 2331 1157 2404 se,

177 2453 326 2549 pultum,
355 2453 392 2526 in
421 2450 564 2549 privatis
592 2441 663 2548 ejus
693 2450 799 2524 hortis
821 2451 989 2527 contexit.
1039 2452 1156 2548 Caput

177 2598 239 2669 per
256 2574 342 2647 lixas
359 2553 566 2669 calonesque
583 2570 760 2662 suffixum,
786 2574 1045 2671 laceratumque
1075 2594 1157 2646 ante

176 2694 329 2766 Patrobii
357 2695 537 2767 tumulum
572 2692 733 2788 (libertus
751 2694 779 2767 is
795 2692 946 2767 Neronis
974 2693 1117 2791 punitus
1137 2720 1160 2767 a

179 2812 296 2884 Galba
320 2811 449 2906 suerat)
484 2813 617 2911 posters
644 2815 791 2899 demum
812 2815 871 2887 die
898 2835 1088 2911 repertum,
1124 2819 1158 2888 ὅτ

177 2951 336 3005 cremato
351 2929 427 3028 jam
448 2932 584 3029 corpori
606 2935 811 3007 admixtum¹
834 2932 895 3006 est.
945 2937 1056 3008 Hunc
1082 2935 1157 3008 exi-

177 3073 254 3126 tum
272 3052 394 3126 habuit
411 3055 481 3126 Ser.
498 3056 627 3145 Galba,
657 3056 767 3128 tribus
797 3059 830 3127 &
858 3052 1074 3153 septuaginta
1098 3083 1160 3129 an-

177 3173 421 3273 nis„quinque
438 3175 615 3272 Principes
644 3173 806 3273 prospers
834 3173 970 3248 fortuna
986 3156 1157 3266 emensus,

178 3294 348 3368 &alieno
377 3294 525 3391 imperio
553 3294 697 3384 felicior,
732 3295 842 3393 quam
870 3292 941 3368 suo·
992 3297 1100 3371 Vetus
1120 3297 1157 3370 in

176 3412 305 3488 familia
323 3415 499 3505 nobilitas,
531 3442 668 3514 maguae
685 3441 793 3514 opes:
826 3416 888 3514 ipsi
918 3416 1076 3491 medium
1102 3418 1156 3491 in·
1190 3454 1194 3458 ·

177 3535 338 3632 genium,
365 3536 478 3634 magis
495 3556 594 3609 extra
610 3535 705 3625 vitia,
736 3537 843 3635 quam
861 3564 942 3613 cum
960 3539 1155 3616 virtutibus

176 3658 293 3730 Famae
324 3682 389 3731 nec
418 3655 618 3743 incuriosus,
652 3681 715 3729 nec
738 3658 946 3732 venditator.
995 3659 1157 3733 Pecuniae

176 3776 297 3870 alieuae
314 3803 387 3853 non
402 3778 583 3876 adpetens,
601 3774 669 3851 suae
684 3803 818 3873 parcus,
845 3780 996 3876 publicae
1021 3802 1156 3852 avarus.
