2766 4658
136 344 190 386 Ν.
247 317 298 413 4'4
465 309 1019 390 denintunam

246 490 376 567 semina
386 491 509 567 veteris
524 488 730 590 eloque'ntiae
744 487 822 564 satis
836 491 1082 566 demonstrasse
1094 484 1238 586 videor,

140 644 146 660 ·
247 613 411 687 docendo
444 612 571 711 quibus
595 611 727 686 artibus
753 610 888 709 antiqui
917 625 1069 689 oratores
1101 610 1237 687 institui

247 732 446 831 erudirique
461 731 549 806 soliti
570 735 648 821 srnt,
667 729 847 831 persequar
862 758 955 807 nunc
968 734 1236 809 exercitationes

247 878 385 944 eorum,
410 877 625 952 quamquam
651 852 731 950 ipfis
752 852 884 927 artibus
907 853 990 928 inest
1012 854 1236 944 exercitati0,

247 999 313 1048 nec
331 970 515 1070 quisquam
528 971 709 1069 percipere
720 993 773 1046 tot
790 974 995 1065 reconditas,
1008 995 1066 1049 aut
1076 993 1150 1047 tam
1167 999 1235 1047 va-

246 1093 315 1168 rias
330 1118 382 1166 res
407 1090 532 1189 potest,
560 1090 621 1165 nisi
638 1111 677 1165 ut
702 1090 850 1167 scientiae
869 1094 1060 1185 meditatio,
1086 1092 1235 1168 medita·

247 1213 337 1289 tioni
353 1210 510 1301 facultas,
533 1209 687 1286 facultati
699 1212 750 1286 vis
767 1215 979 1312 eloquentiae‘
987 1217 1153 1289 accedat:
1172 1238 1237 1311 per

248 1359 328 1432 quae
349 1327 524 1430 colligitur
544 1332 707 1406 eamdem
724 1314 994 1425 efferationem,
1021 1340 1054 1409 δι
1079 1332 1235 1433 percipi·

247 1453 345 1543 endi,
364 1477 444 1549 quae
460 1450 625 1549 proferas,
645 1456 680 1526 δι
698 1452 905 1551 proferendi,
924 1483 1004 1554 quae
1015 1456 1233 1554 perceperist

246 1573 306 1648 sed
323 1571 420 1646 ficui
436 1570 635 1648 obscuriora
651 1575 727 1648 haec
743 1575 919 1665 videntur,
941 1577 1036 1674 isque
1055 1575 1236 1652 scientiam

246 1697 294 1770 ab
318 1692 564 1768 exercitatione
593 1693 739 1793 separat,
772 1695 934 1770 incerte
963 1697 1146 1785 concedet,
1175 1696 1234 1769 in-

130 1871 133 1879 ,
246 1813 415 1889 struetum
443 1818 476 1888 u
503 1815 649 1911 plenum
677 1815 732 1889 his
757 1816 887 1890 artibus
920 1815 1094 1906 animum,
1122 1814 1234 1914 longe

247 1932 454 2030 paratiorem
475 1935 520 2007 ad
549 1961 605 2011 eas
628 1935 888 2009 exercitationes
917 1957 1118 2028 venturum,
1147 1961 1232 2034 quae

144 2035 145 2042 ἵ
247 2051 393 2150 propriae
410 2053 502 2129 circa
522 2054 706 2130 oratoriam
725 2054 899 2129 videntum

295 2175 471 2278 XXXIV.
497 2179 609 2251 Enoo
638 2177 733 2275 apud
761 2174 903 2269 maiores
931 2172 1063 2249 nostros
1080 2173 1228 2273 juvenis

154 2340 159 2342 ν
246 2294 318 2386 ille,
337 2295 398 2395 qui
411 2295 485 2370 foro
504 2297 761 2394 &eloquentia
780 2299 973 2396 parabatur,
990 2293 1230 2394 imbutusjam

243 2415 431 2491 domestici
447 2416 640 2516 disciplind,
652 2416 795 2493 refertus
810 2417 960 2493 honestis
973 2415 1105 2507 studiis,
1117 2417 1234 2493 dedu·

244 2528 424 2614 debatura
443 2557 550 2636 patre,
579 2540 637 2612 vel
660 2565 681 2613 a
700 2537 919 2638 propinquis,
952 2538 997 2612 ad
1015 2563 1096 2610 eum
1113 2557 1231 2612 orato-

244 2686 333 2751 rem,
359 2658 420 2758 qui
443 2658 640 2757 principem
664 2658 700 2732 in
722 2659 858 2735 civitate
884 2661 1001 2734 locum
1022 2657 1227 2732 obtinebatt

244 2783 340 2856 hunc
372 2779 503 2870 sedari,
530 2782 625 2855 hunc
642 2777 816 2878 prosequi,
841 2778 944 2878 hujus
965 2778 1131 2853 omnibus
1154 2777 1230 2853 dic·

243 2902 397 2978 tionibus
413 2900 585 2994 interesse,
605 2904 673 2977 five
691 2901 890 2999 injudiciis‚
909 2903 976 2976 five
993 2900 1029 2974 in
1047 2898 1227 2973 concioni·

242 3024 310 3098 bus
332 3019 573 3113 adsuescebat,
589 3022 690 3097 itaut
707 3022 945 3096 altercationes
967 3045 1111 3120 quoque
1131 3019 1230 3094 exci-

243 3168 339 3238 pere,
354 3147 388 3217 ὅτ
398 3140 524 3243 jurgiis
536 3142 704 3233 intereffe,
718 3162 827 3240 utque
838 3145 882 3216 fic
892 3140 1056 3232 dixerim,
1071 3159 1232 3240 pugnare

242 3260 281 3334 in
299 3243 428 3358 ptoelio
441 3263 602 3339 disceret:
633 3288 782 3362 magnus
799 3287 843 3334 ex
868 3262 936 3334 hoc
952 3259 1043 3351 usus,
1074 3262 1233 3334 multum-

243 3383 455 3474 constantiae,
474 3380 799 3482 plurimumjudicii
810 3379 1000 3480 juvenibus
1011 3381 1124 3455 statim
1140 3406 1228 3453 con·

242 3505 413 3604 tingebat,
442 3502 478 3576 in
505 3505 620 3580 medil
645 3507 722 3578 luce
750 3502 981 3593 studentibus,
1008 3503 1115 3598 atque
1137 3498 1229 3575 inter

243 3626 315 3725 ipsa
330 3620 631 3729 discriminnubi
649 3650 756 3699 nemo
779 3622 922 3722 impune
948 3621 1051 3696 stulte
1076 3619 1230 3719 aliquid,

242 3766 301 3822 aut
317 3741 486 3825 contrarie
508 3744 609 3837 dicit,
637 3745 878 3846 quominus&
895 3741 1009 3841 judex
1025 3740 1176 3841 respuat,
1194 3744 1230 3816 &
1275 3754 1282 3763 ‘
