2820 4694
270 356 341 427 ²42
462 333 535 407 C.
573 331 816 447 Conncrtt
844 333 1073 412 Tnctrr

318 505 379 580 lv,
402 506 592 578 Mrsnnnr
622 510 658 579 Sc
681 505 870 581 Mucianus
892 507 1050 606 epistolas
1081 504 1131 580 ad
1148 462 1243 580 sena·
1341 537 1344 544 ·

272 648 362 714 tum,
386 650 465 721 quae
489 623 670 698 materiam
697 624 910 700 sermonibus
936 628 1175 724 prebuerez‘
1178 626 1295 699 ‘Si

274 744 470 843 “privatus
487 745 584 833 esset,
611 771 673 818 cur
688 746 826 842 public&
850 748 1073 849 loqueretur?
1099 745 1247 844 potuiffe
1379 828 1386 842 ,

274 865 454 955 “eadem,
481 890 611 961 paucos
629 866 707 962 post
729 867 817 957 dies,
841 862 919 941 loco
934 867 1107 942 sententie
1123 866 1245 940 dici:”
1293 885 1297 892 ·

272 984 342 1083 ipsa
368 1009 511 1081 quoque
539 984 713 1057 insectatio
733 985 770 1057 in
786 986 978 1077 Vitellium,
1003 987 1088 1078 sera,
1119 992 1152 1061 δι
1177 992 1249 1060 fine

167 1110 169 1118 ‘
270 1105 439 1179 libertate.
488 1105 531 1176 ld
554 1104 636 1177 vero
661 1130 742 1202 erga
769 1106 1023 1202 rempublicam
1046 1105 1248 1204 superbum,

271 1250 356 1322 erga
370 1222 569 1320 Principem
590 1222 895 1315 contumeliosum,
922 1228 1018 1323 quod
1046 1234 1072 1270 “
1092 1226 1128 1299 in
1143 1251 1250 1300 manu

274 1352 301 1390 “
320 1342 378 1416 sul
404 1341 502 1415 fuiffe
527 1341 729 1438 imperium,
754 1345 996 1443 donatumque
1023 1343 1257 1443 Vespasiano’'·

270 1462 435 1561 jadabat.
484 1463 649 1534 Ceterltm
682 1462 816 1538 invidia
843 1464 880 1536 in
908 1468 1074 1551 occult0;
1099 1464 1252 1539 adulatio

276 1585 313 1660 in
340 1601 457 1680 aperto
484 1603 597 1655 erant:
635 1584 748 1655 multo
776 1609 859 1657 cum
887 1586 1018 1658 honore
1038 1588 1251 1673 -vetborutn,

277 1709 305 1747 “
323 1702 495 1779 Muciano
510 1703 757 1800 triumphum
772 1673 1026 1777 uenertoc‘mu
1042 1706 1134 1777 una.
1182 1704 1251 1777 Seu

278 1834 306 1870 “
327 1825 362 1897 in
382 1825 553 1896 Sarmatas
578 1822 779 1920 expeditio”
805 1825 1013 1922 fingebatur.
1062 1824 1252 1897 Adduntur

279 1945 440 2018 “Primo
468 1942 627 2015 Antonio
655 1941 855 2032 consularia,
888 1943 1053 2018 Cornelio
1079 1941 1191 2017 Fusco
1218 1947 1253 2016 δι

279 2074 305 2112 “
324 2064 427 2137 Anio
447 2065 543 2134 Varo
561 2061 722 2159 praetoria
746 2061 923 2160 insignia.”
971 2066 1065 2137 Mox
1088 2064 1173 2138 deos
1199 2087 1252 2136 re·

275 2186 440 2284 spexdre:
470 2189 496 2225 “
516 2181 670 2256 restitui’'
700 2182 829 2279 placuit
848 2191 874 2225 ‘⁴
892 2182 1138 2278 Capitolium.'’
1180 2175 1252 2255 Ea-

278 2331 349 2405 que
370 2302 487 2378 omnia
503 2303 663 2376 Valerius
688 2301 871 2392 Asiaticus,
896 2300 1014 2375 consul
1040 2303 1253 2400 designatus,

280 2424 422 2501 censuit.
470 2422 598 2511 Ceteri,
621 2425 722 2496 vultu
751 2446 928 2519 manuque
935 2451 946 2506 ;
976 2422 1091 2519 pauci,
1124 2422 1254 2519 quibus

205 2608 207 2613 ⁴
278 2546 464 2649 conspicua
478 2543 642 2641 dignitas,
670 2563 728 2614 ant
743 2540 926 2641 ingenium
942 2543 1140 2615 adulatione
1153 2566 1256 2614 exer·

279 2669 402 2756 citum,
420 2663 617 2760 compufitis
629 2661 840 2737 orationibus
853 2661 1137 2736 adsentiebantur.
1176 2661 1256 2736 Ubi

279 2789 324 2863 ad
358 2784 566 2861 Helvidium
599 2781 768 2871 Priscum,
811 2804 992 2881 praetorem
1023 2782 1256 2880 designatum,

280 2918 439 2994 ventum,
460 2907 626 3002 prompfit
652 2903 866 2990 sententiam,
895 2924 934 2975 ut
961 2901 1192 2976 honorificam
1219 2901 1257 2974 in

231 3004 232 3008 Ἰ
280 3028 414 3099 bonum
431 3025 641 3120 Principem,
668 3022 716 3095 ita
731 3020 812 3095 falsa
833 3018 990 3113 aberant,
1016 3027 1049 3096 a
1067 3020 1188 3095 studiis
1206 3020 1257 3094 se·
1284 3021 1299 3044 ‘

282 3147 381 3215 natits
413 3147 644 3219 attollebatur.
708 3140 810 3239 lsque
841 3143 1036 3240 praecipuus
1077 3137 1127 3214 illi
1167 3139 1257 3230 dies,

283 3289 421 3359 magna
439 3263 574 3336 offensa
592 3261 743 3352 initium,
762 3265 795 3333 δι
810 3286 949 3360 magna
968 3261 1087 3359 gloriae
1105 3259 1182 3334 fuit.

329 3385 373 3454 V.
400 3387 481 3457 Ras
509 3369 645 3479 poscere
671 3382 822 3472 videtur,
847 3382 929 3479 quia
951 3381 1079 3456 iterum
1099 3379 1135 3451 in
1156 3403 1259 3452 men·

281 3501 415 3573 tionem
433 3499 618 3576 incidimus
629 3503 693 3575 viri
709 3502 829 3599 saepius
844 3502 1074 3592 memorandi,
1091 3520 1130 3574 ut
1145 3498 1258 3574 vitam

281 3618 464 3714 studiaque
478 3617 560 3715 ejus,
586 3626 619 3693 ὅτ
638 3623 732 3720 quali
748 3621 882 3696 fortuni
908 3620 1053 3710 situlus,
1072 3619 1189 3719 paucis
1204 3644 1258 3693 te·

281 3760 408 3843 petam.
458 3737 648 3814 Helvidius
663 3742 807 3833 Priscus,
825 3740 965 3841 regione
989 3740 1112 3834 Italia,
1133 3742 1259 3816 Tarra·
