2820 4694
251 370 323 438 244
447 346 1037 422 *ceonnrmrrcrrr

250 522 423 619 placuerat
452 525 480 560 “
497 519 588 592 mitti
613 521 656 592 ad
682 518 879 619 Principem
903 519 1071 618 legatos-'³
1120 519 1221 594 Hine

248 641 338 714 inter
348 639 554 714 Helvidium
572 642 605 710 le
626 640 775 736 Eprium
787 665 866 713 acre
874 638 1045 738 jurgium.
1085 638 1218 713 Priscus
1261 670 1265 678 ·

250 769 276 815 -“
294 759 375 858 eligi
392 758 598 832 nominatim
626 785 646 830 a
664 760 917 858 magistratibus
926 760 1049 859 juratis
1063 764 1099 846 ;''
1117 764 1217 835 Mar-

246 881 352 953 cellus
381 887 407 922 “
427 879 576 952 urnam''
595 878 801 974 postulabat,
833 905 911 977 quae
937 879 1082 954 consulis
1104 882 1217 979 defig-

222 989 318 1073 'nati
340 999 505 1073 sententia
521 998 640 1071 fuerat.
856 1028 859 1031 ·
1039 1052 1043 1059 f
1213 1028 1217 1069 t
1327 1002 1331 1011 '

292 1123 373 1193 Vll.
397 1121 472 1191 San
490 1118 650 1191 Marcelli
675 1117 826 1192 studium
854 1121 1010 1217 proprius
1036 1124 1141 1195 rubor
1156 1147 1217 1194 ex·

246 1235 387 1328 citabat,
421 1265 478 1329 ne,
508 1238 582 1311 aliis
610 1239 738 1328 cledis,
774 1239 987 1336 posthabitus
1016 1243 1218 1314 crederetur.

179 1420 182 1425 .
244 1359 514 1455 Paullatimque,
539 1383 600 1455 per
627 1359 886 1433 altercationem
909 1362 953 1433 ad
982 1360 1221 1433 continuas&

244 1480 381 1553 infestas
405 1479 576 1551 orationes
599 1480 751 1576 provedi
778 1479 865 1569 sunt,
901 1495 1076 1578 quaerente
1093 1480 1221 1554 Helvi·-

245 1601 320 1690 di0,
351 1598 478 1697 “quid
502 1598 547 1670 ita
564 1601 754 1673 Marcellus
763 1597 939 1697 judicium
957 1599 1219 1699 magistratuum

246 1727 273 1787 ‘f
292 1717 508 1816 pavesceret?
538 1722 605 1793 elie
630 1721 677 1792 illi
695 1721 892 1818 pecuniam,
918 1724 950 1793 &
969 1719 1216 1818 eloquentiam,

246 1847 273 1884 “
291 1843 371 1937 quls
404 1841 532 1912 multos
559 1841 715 1930 anteiret,
746 1841 782 1913 ni
811 1841 977 1945 memoria
1010 1840 1218 1938 flagitiorum

244 1968 271 2004 “
292 1945 478 2057 urigererur.
527 1960 624 2032 Sorte
650 1965 682 2033 δι
705 1964 806 2050 umal,
837 1986 947 2033 mores
963 1987 1035 2034 non
1050 1958 1216 2035 discerni:

171 2093 174 2101 “
243 2079 445 2178 “suffragia
470 2085 503 2153 δι
533 2080 825 2154 existimationem
842 2079 977 2153 senatus
1004 2100 1149 2177 reperta,
1179 2101 1218 2153 ut

244 2209 273 2255 ‘-‘
291 2201 327 2272 in
345 2198 508 2298 cujusque
525 2200 635 2274 vitam
649 2200 848 2298 famamque
865 2219 1103 2297 penetrarent:
1136 2225 1214 2296 per·

197 2305 201 2313 ⁸
243 2321 397 2395 “tinere
429 2323 473 2394 ad
506 2322 690 2396 utilitatem
723 2321 934 2418 reipublicae,
975 2318 1139 2417 pertinere
1168 2305 1214 2392 ad

188 2532 189 2535 Ἴ
242 2450 270 2498 ‘-‘
288 2441 480 2539 Vespafiani
509 2445 691 2531 honorem,
716 2466 894 2514 occurrere·
915 2440 979 2528 illi,
1006 2466 1091 2536 quos
1115 2440 1214 2513 inno-

137 2607 162 2642 -,
241 2569 269 2619 ‘0‘
287 2563 491 2636 centiffimos
518 2561 650 2634 senatus
673 2563 808 2649 habeat,
835 2561 895 2658 qui
915 2547 1066 2632 'honestis
1090 2559 1215 2634 sermo·

240 2690 268 2726 ‘⁴
286 2683 388 2757 nibus
404 2708 499 2757 aures
511 2681 727 2778 Imperatoris
744 2682 912 2756 ilnbuant.
961 2681 1077 2790 Fuisse
1085 2680 1216 2778 Vespa·

241 2813 269 2848 “
289 2810 379 2879 siano
402 2802 589 2877 amicitiam
607 2829 687 2876 cum
713 2800 877 2891 Thrasea,
907 2805 1048 2891 Sorano,
1074 2801 1215 2876 Sentio:

226 2931 268 3010 ,“
288 2950 441 3022 quorum
462 2921 683 3011 accusatores,
711 2922 839 2995 etiamfi
870 2911 986 3018 puniri
1013 2947 1085 2994 non
1110 2948 1217 3020 opor-

240 3051 267 3085 “
284 3063 368 3134 teat,
395 3044 554 3117 ostentari
583 3069 653 3115 non
678 3043 831 3114 debere:
866 3044 934 3114 hoc
962 3040 1095 3115 senatlu
1117 3039 1214 3139 judi·

192 3208 193 3217 κ
242 3168 270 3204 “
288 3162 357 3249 cio,
384 3164 478 3235 velut
505 3162 684 3236 admoneri
713 3161 927 3257 Principem,
957 3186 1045 3258 quos
1075 3164 1213 3258 probet,

225 3288 267 3343 .“
287 3305 376 3376 quos
405 3282 624 3356 reformidet:
660 3283 796 3355 nullum
830 3278 940 3377 majus
967 3282 1049 3354 boni
1078 3280 1214 3377 imperii

241 3409 269 3466 “.
288 3399 567 3492 instrumentum,
586 3404 692 3502 quam
721 3404 832 3475 bonos
848 3401 980 3473 amicos
1003 3403 1081 3473 effe.
1108 3454 1110 3458 -
1130 3400 1216 3473 Satis

241 3521 471 3609 ‘.‘Marcello,
499 3522 595 3619 quod
614 3525 791 3596 Neronem
816 3521 852 3593 in
874 3520 1019 3594 exitium
1044 3521 1214 3594 totiinno-
1242 3569 1245 3574 n

237 3620 665 3737 “centium'impulerit..
698 3643 883 3714 Frueretur
911 3639 1059 3736 praemiis
1089 3644 1121 3712 ἃ
1148 3638 1213 3713 im·

175 3752 184 3763 ⁴¹
239 3773 267 3810 “
285 3760 456 3863 punitate3
478 3757 720 3856 Vespasranum
737 3759 935 3835 melioribus
948 3757 1189 3857 relinqueret.”
