2844 4704
266 307 334 398 184
479 300 519 379 C.
549 306 1025 385 ConunrrrTncrrr

222 532 224 534 -
262 489 291 527 “
309 483 431 558 frustra
445 483 548 557 minis
570 485 733 559 &verbis
757 502 964 585 provocatos
977 483 1192 575 Vitellianos,
1212 481 1235 561 si

264 612 291 648 “
307 602 429 677 manus
452 628 572 677 eorum
599 606 789 703 oculosque
812 633 883 679 non
908 607 1093 680 tolerent.''
1142 607 1235 678 Haec

259 744 299 799 ut
316 722 469 821 quosque
484 725 662 798 accesserat
679 754 687 797 ι
717 727 816 822 plura
832 728 875 810 ad
889 726 1064 816 tertianos,
1078 746 1235 798 veterum

255 842 516 941 recentiumque
545 845 758 919 admonens:
791 867 829 920 ut
859 846 965 920 “sub
993 849 1050 919 M.
1076 846 1234 919 Antonio

259 971 286 1005 “
304 965 462 1052 Parthos,
492 960 555 1036 sub
581 965 784 1039 Corbulone
807 965 1006 1055 Armenios,
1033 991 1144 1064 nuper
1160 967 1233 1038 Sar·

258 1090 285 1126 “
304 1086 434 1156 matas’'
452 1084 669 1180 pepulissent.
718 1088 812 1158 Mox
830 1084 978 1158 infensus
995 1085 1205 1182 praetorianis
1221 1115 1230 1157 ε
1297 1137 1301 1143 -

256 1211 284 1246 “
302 1205 400 1276 Vos'’
428 1203 555 1301 inquit,
577 1212 604 1245 “
622 1202 682 1276 nifi
699 1203 849 1294 vincitis,
877 1204 1017 1303 pagani,
1047 1205 1124 1302 quis
1149 1205 1233 1300 alius

257 1331 284 1366 “
303 1304 511 1420 Imperator,
526 1350 605 1421 quae
623 1324 731 1397 castra
748 1323 815 1396 alia
832 1325 1034 1421 excipient?
1055 1324 1129 1398 lllic
1141 1329 1234 1424 signa
1325 1376 1327 1379 -

255 1450 466 1542 “armaque
484 1442 697 1533 vestrasunt,
722 1428 756 1517 dc
781 1470 874 1518 mors
887 1444 1008 1519 victis:
1030 1471 1111 1518 nam
1133 1445 1234 1544 igno·

256 1570 284 1607 “
304 1563 446 1637 miniam
460 1562 748 1660 consumpfistis.”
780 1564 950 1662 Undique
963 1567 1108 1654 clamor,
1123 1565 1232 1638 &ori
1280 1618 1283 1625 -

252 1704 368 1758 entem
380 1683 488 1757 solem
497 1686 563 1779 (ita
573 1684 608 1757 in
617 1670 713 1780 Syria
727 1711 803 1757 mos
815 1685 881 1779 est)
889 1685 1024 1757 tertiani
1035 1684 1230 1758 salutavere.

299 1807 419 1880 XXV.
445 1807 580 1878 Vicus
608 1806 704 1895 inde,
730 1832 774 1878 an
792 1805 933 1878 consilio
954 1789 1053 1878 ducis
1078 1803 1231 1878 subditus

252 1935 384 2015 ru'mor,
412 1932 439 1968 “
457 1925 631 1998 advenisl'e
643 1925 879 2011 Mucianum3
897 1924 1070 1999 exercitus
1083 1924 1234 1999 invicem

253 2052 281 2087 “
300 2043 453 2146 salutasse
469 2047 504 2118 :’'
541 2046 690 2142 gradum
717 2044 883 2134 inserunt,
915 2048 1009 2141 quast
1037 2045 1232 2120 recentibus

144 2236 145 2241 ,
251 2165 388 2243 auxiliis
414 2165 518 2255 audi,
545 2165 669 2239 rariore
690 2163 766 2262 jam
791 2164 1055 2238 Vitellianorum
1078 2164 1166 2254 acie,
1192 2183 1230 2238 ut

253 2313 354 2386 quos,
371 2352 376 2363 ,
392 2287 490 2359 33113
513 2287 658 2377 rectore,
681 2283 766 2359 suus
795 2269 969 2382 quemque
997 2284 1147 2382 impetus
1172 2285 1229 2357 vel

251 2434 361 2506 pavor
391 2408 621 2496 contraheret,
651 2405 883 2478 diduceretve.
933 2404 1120 2501 Postquam
1149 2429 1226 2500 per·

248 2527 359 2601 culsos
376 2525 472 2601 sensit
495 2525 684 2616 Antonius,
711 2523 817 2598 denso
834 2524 975 2624 agmine
991 2525 1225 2599 obturbabat:

247 2648 351 2720 laxati
378 2626 515 2721 ordines
532 2647 812 2743 abrumpunturt
838 2670 902 2718 nec
926 2642 1053 2718 restitui
1070 2642 1227 2742 quivere,

247 2766 521 2865 impedientibus
548 2765 715 2839 vehiculis
736 2763 995 2863 tormentisque.
1044 2766 1112 2837 Per
1136 2765 1228 2838 limi-

248 2907 321 2961 tem
338 2886 641 2985 viae'sparguntnr,
665 2884 884 2961 consectandi
901 2882 1130 2976 festinatione,
1155 2886 1227 2961 vic·

141 3053 143 3057 -
246 3026 347 3079 tores.
400 3007 455 3079 Εὸ
486 3007 670 3081 notabilior
687 3007 799 3079 caedes
827 3004 906 3097 suit,
940 3006 1022 3104 quia
1051 3005 1142 3080 filius
1166 3030 1228 3104 pa·

173 3144 178 3153 ’
247 3145 335 3197 trem
363 3124 544 3201 interfecit.
596 3131 691 3200 Rem
721 3125 949 3222 nominaque,
977 3125 1115 3197 austore
1141 3125 1227 3225 Vip-

244 3243 353 3318 stanio
387 3247 546 3339 Messall,
581 3248 729 3321 tradam.
785 3244 901 3340 Julius
932 3243 1151 3334 Mansuetus,
1181 3270 1226 3318 ex

219 3389 226 3395 ’
242 3363 319 3441 His
314 3364 428 3461 panis,
453 3367 587 3464 Rapaci
599 3364 729 3465 legioni
742 3364 893 3455 additus,
912 3355 1094 3463 impubem
1112 3363 1225 3438 filium

242 3484 340 3560 domi
358 3483 532 3580 liquerat:
570 3487 599 3560 is
621 3513 706 3560 mox
724 3487 875 3575 adultus,
901 3485 989 3558 inter
1017 3484 1226 3583 septimanos

242 3632 264 3679 a
281 3606 395 3680 Galbal
408 3603 632 3700 conscriptus,
647 3608 806 3679 oblatum
824 3604 912 3678 sorte
926 3625 1073 3702 patrem,
1094 3609 1128 3677 a
1147 3607 1226 3679 vul-

242 3753 323 3801 nere
340 3725 497 3816 stratum,
515 3724 602 3799 dum
617 3724 853 3802 semanimem
870 3724 1050 3818 scrutetur,
1069 3725 1223 3826 agnitus,
