2820 4694
337 320 962 402 Hrsronrnsnntnnrtr.
1070 345 1181 426 255-

169 493 286 573 moire
309 493 422 570 statim
447 493 603 592 superbis
631 487 843 594 ferociaque,
876 502 910 572 be
940 503 969 540 “
988 498 1139 596 pretium

168 625 195 661 “
213 615 358 705 itineris,
382 616 605 704 donativum,
625 618 758 713 duplex
776 615 1000 717 stipendium,
1024 618 1143 717 augeri

169 748 195 782 “
215 737 372 837 equitum
394 739 618 826 numerum,''
646 736 807 833 promissa
831 734 909 810 sane
936 763 957 810 a
985 736 1142 827 Vitellio,

168 858 407 956 postulabant3
437 881 524 945 non,
549 877 588 930 ut
618 855 893 954 adsequerentur,
923 856 981 931 sed
1008 858 1145 932 causam

170 976 340 1052 seditioni.
391 979 439 1049 Et
472 978 619 1050 Flaccus
651 978 763 1050 multa
788 978 1028 1066 concedendo,
1054 964 1144 1052 ¹nihil
1221 977 1228 990 ⁸

172 1098 265 1171 aliud
282 1097 452 1188 effecerat,
480 1097 588 1194 quam
611 1116 651 1170 ut
673 1097 782 1171 acrius
803 1097 1041 1194 exposcerent,
1066 1125 1147 1197 quae

171 1216 321 1297 sciebant
349 1237 570 1313 negaturum.
618 1219 741 1312 Spreto
770 1219 911 1307 Flacco,
945 1216 1146 1293 inferiorem

172 1335 397 1409 Germaniam
415 1335 580 1433 petivere,
593 1335 997 1434 utCivilijungerentur.
1045 1339 1146 1412 Hor·

169 1455 334 1556 ‘deoniua
361 1455 523 1531 adhibitis
546 1455 690 1530 tribunis
707 1456 1044 1554 centurionibusque,
1062 1481 1147 1532 con·

174 1575 323 1665 sultavit,
354 1582 490 1648 “num
512 1573 718 1672 obsequium
740 1579 930 1650 abnuentes
951 1577 987 1650 vi
1009 1583 1148 1651 co'e'tce·

176 1704 202 1739 “
220 1696 306 1768 ret.''
355 1697 464 1784 Mox,
498 1694 595 1767 insita
625 1695 778 1793 ignavis,
810 1701 843 1770 br
880 1697 1021 1795 trepidis
1044 1697 1149 1777 utini,

174 1816 263 1905 stris,
284 1839 372 1912 quos
388 1815 573 1913 ambiguus
589 1814 798 1888 auxiliorum
811 1815 958 1907 numus,
984 1821 1017 1890 ἂ
1034 1815 1150 1893 subito

174 1936 311 2010 <luceto
327 1933 491 2032 suppletae
508 1934 664 2032 legiones
687 1938 877 2034 angebant,
906 1938 1021 2012 statuit
1037 1939 1148 2012 conti-

177 2081 258 2129 nere
274 2054 363 2128 intra
379 2054 484 2127 castra
499 2055 659 2128 militem.
708 2056 800 2129 Dein
819 2058 1026 2153 penitentias,
1045 2063 1078 2131 az
1095 2085 1150 2132 ar-

176 2176 361 2276 guentibus
374 2175 470 2273 ipss,
489 2174 549 2272 qui
565 2173 746 2266 suaserant,
763 2198 944 2274 tamquam
959 2176 1150 2267 secuturus,

175 2295 304 2394 scripsit
316 2294 499 2370 Herennio
510 2295 631 2385 Gallo,
648 2294 793 2393 legionis
807 2295 926 2393 primae
942 2299 1072 2394 legato,
1088 2295 1151 2394 qui

176 2419 335 2490 Bonnam
351 2414 545 2505 obtinebat,
572 2435 611 2488 ut
636 2422 662 2457 “
681 2437 810 2490 arceret
826 2421 965 2490 tranfitu
980 2419 1149 2490 batavos:

180 2543 207 2580 “
225 2536 258 2610 se
279 2561 364 2610 cum
389 2534 545 2609 exercitu
568 2535 671 2635 tergis
698 2562 819 2610 eorum
840 2535 1052 2610 haesurtnn.''
1103 2539 1151 2610 Et
1185 2584 1188 2591 ‹

163 2655 331 2751 opprimi
349 2658 554 2750 poterant,fi
571 2656 651 2729 hinc
665 2657 905 2747 Hordeonius,
921 2658 1003 2731 inde
1014 2658 1151 2748 Gallus,

181 2773 287 2847 motis
302 2773 478 2870 utrimque
493 2775 617 2871 copiis,
644 2777 776 2850 medios
803 2770 1003 2852 clausissent.
1051 2780 1151 2852 Flac·

181 2920 242 2969 cus
269 2892 381 2966 omifit
405 2893 598 2990 inceptum,
621 2893 762 2994 aliisque
783 2897 1047 2973 literis.Gallum
1072 2921 1152 2970 mo·

182 3013 275 3103 nuit,
299 3037 343 3085 ne
356 3034 494 3086 terreret
510 3016 686 3089 abeuntes.
735 3018 843 3092 Unde
856 3017 1015 3116 suspicit),
1031 3018 1153 3116 sponte

158 3136 377 3233 ‘legatorum
393 3133 531 3207 excitari
563 3137 720 3210 bellum:
744 3137 938 3236 cunctaque
953 3165 1032 3236 quae
1061 3139 1152 3214 acci·
1264 3142 1266 3150 ⁴

180 3257 317 3343 derant,
336 3270 401 3329 'aut
418 3258 674 3346 metuebantur,
696 3283 768 3330 non
794 3258 911 3332 inertis
936 3259 1067 3350 militis,
1092 3285 1153 3334 ne·

183 3400 252 3474 que
265 3374 415 3449 hostium
432 3374 481 3465 vi,
494 3373 554 3447 sed
568 3373 689 3449 fraude
701 3378 834 3450 ducum
850 3378 998 3450 evenire.

229 3497 313 3569 XX.
338 3498 508 3585 Bnrnvt,
532 3495 614 3569 citur
636 3495 749 3568 tastris
760 3499 993 3572 Bonnensibus
1011 3502 1155 3598 propin·

185 3639 346 3711 quarent,
372 3619 568 3715 pramistire
585 3616 646 3714 qui
672 3618 856 3691 Herennio
873 3620 976 3693 Gallo
992 3623 1156 3695 mandata

184 3736 380 3814 cohortium
401 3759 598 3843 exponeret.
636 3742 676 3782 ”“
695 3739 844 3813 Nullum
864 3740 923 3815 sibi
941 3743 1071 3816 bellum
1092 3740 1152 3812 ad·
