2766 4658
245 372 1002 450 Drasooosoaonaronraos.
1082 393 1132 471 45
1229 378 1234 384 '

151 540 366 618 adversarius
379 545 581 641 exprobret,
606 540 668 640 ipsr
681 542 834 642 denique
850 538 1010 619 advocati
1022 536 1133 637 asper·

152 683 288 737 nentur.
339 662 450 763 Igitur
464 665 545 737 versi
563 662 677 736 statim
693 667 727 737 st
751 656 952 762 incorrupta
968 663 1136 759 eloquen-

150 782 200 856 tia
221 783 488 859 imbuebantur:
521 789 791 882 &quamquam
816 809 928 858 unum
950 783 1133 881 sequeren-

150 920 220 993 tur,
248 924 365 980 tamen
383 892 506 978 omnes
523 900 676 999 ejusdem
688 903 803 977 aetatis
821 924 985 1002 patronos
1002 901 1036 975 in
1055 903 1134 999 plu·

148 1023 247 1098 rimis
264 1028 298 1097 ὅτ
316 1027 423 1097 causis
438 1021 625 1120 &judiciis
642 1021 916 1122 cognoscebant:
942 1024 1135 1097 habebant·

69 1166 80 1186 ·
149 1168 222 1242 que
241 1144 344 1239 ipsius
362 1143 485 1241 populi
507 1142 800 1219 diversrllimarum
822 1141 960 1216 aurium
983 1143 1136 1239 copiam,

149 1288 195 1338 ex
214 1266 284 1362 qulr
301 1262 399 1338 facile
415 1265 709 1361 deprehenderent
737 1263 823 1362 quid
845 1261 882 1338 in
909 1287 1055 1359 quoque
1078 1263 1136 1336 vel

147 1383 367 1482 probaretur,
384 1385 441 1457 vel
451 1382 655 1483 displiceret.
705 1386 832 1458 Itanec
845 1401 1039 1481 praeceptor
1054 1384 1137 1455 dee-

150 1523 205 1578 rat
232 1504 384 1602 optimus
417 1503 576 1603 quidem,
601 1504 891 1594 scelestissimus,
909 1502 983 1602 'qui
1010 1501 1139 1576 faciem
1242 1527 1244 1531 ·

130 1624 376 1723 eloquentia,
406 1651 479 1699 non
496 1625 686 1724 imaginem
704 1625 897 1724 praestaret:
928 1650 993 1700 nec
1010 1626 1136 1703 adver-

151 1742 226 1817 sarii
251 1749 286 1818 br
304 1745 434 1838 aemuli,
452 1744 558 1835 serrn,
578 1773 648 1819 non
661 1746 806 1820 rudibus
822 1745 1027 1821 dimicantes
1043 1773 1055 1840 ξ
1077 1745 1137 1819 sed

150 1865 363 1940 auditorium
379 1866 514 1964 semper
530 1867 688 1964 plenum,
706 1866 840 1967 semper
857 1892 1005 1957 novum,
1020 1892 1065 1940 ex
1083 1866 1138 1939 in·

152 1985 244 2060 vidis
261 1990 295 2060 δι
313 1984 523 2078 faventibus,
539 2007 577 2060 ut
594 2013 658 2061 nec
677 1989 767 2088 bene
782 1987 876 2061 dista
886 1973 1136 2060 dissimularem

150 2125 218 2181 tur.
267 2106 364 2182 Scitis
381 2107 476 2181 enirn
492 2133 660 2206 magnam
679 2107 774 2180 illam
795 2109 1046 2182 &duraturam
1064 2109 1159 2181 elo·x
1212 2190 1214 2193 ,

152 2227 304 2326 quentiae
316 2226 447 2301 famam
464 2252 535 2299 non
553 2226 670 2299 minus
687 2226 722 2298 in
739 2225 878 2298 diversis
894 2225 1059 2299 subselliis
1077 2252 1137 2321 pa-

150 2347 235 2436 rari,
250 2346 359 2444 quam
371 2344 460 2419 suis:
480 2344 678 2442 quinimmo
696 2343 909 2418 eonstantilrs
925 2344 1062 2442 surgere
1074 2343 1137 2434 ibi,
1193 2390 1202 2404 =

152 2465 293 2563 fidelius
311 2463 534 2540 corroborari.
586 2469 706 2562 Atque
722 2466 864 2540 hercule
886 2462 950 2539 sub
971 2460 1139 2560 ejusmodi

151 2586 422 2687 preceptoribus
439 2583 581 2683 juvenis
598 2585 670 2675 ille,
695 2586 831 2684 dequo
849 2584 1041 2685 loquimur,
1059 2609 1138 2657 ora·
1252 2645 1256 2649 .

42 2720 46 2728 “
150 2727 268 2782 torum
285 2707 484 2806 discipulus,
503 2705 571 2781 sori
588 2705 738 2798 auditor,
757 2702 1136 2803 sedatorjudiciorum,

152 2827 307 2904 eruditus
331 2832 365 2902 ὅτ
394 2811 608 2902 adsuefactus
629 2825 755 2904 ¹alienis
778 2825 1038 2925 experimentis,
1065 2825 1137 2916 cui,

153 2947 310 3048 quotidie
326 2946 494 3038 audienti,
525 2966 618 3021 notae
633 2949 746 3054 leges,
775 2971 848 3020 non
868 2946 953 3021 novi
973 2945 1137 3043 judicum

151 3070 283 3161 vultus,
311 3066 528 3167 frequens-in
550 3067 660 3143 oculis
677 3065 887 3144 consuetudo
910 3069 1136 3161 concionum,

152 3190 242 3287 saepe
259 3188 409 3288 cognite
428 3187 549 3286 populi
571 3214 684 3280 aures,
707 3193 776 3266 five
799 3187 1053 3265 accusationem
1069 3190 1137 3265 sus·

80 3381 86 3391 „
150 3308 306 3406 ceperat,
325 3312 394 3389 sive
408 3306 656 3400 defensionem,
673 3308 764 3383 solus
774 3309 888 3384 statim
907 3314 940 3384 &
958 3338 1046 3385 rmus
1063 3311 1137 3387 cui·

152 3454 307 3527 cumque
323 3425 431 3504 causa
449 3448 605 3525 parerat.
654 3430 904 3507 Nonodecimo
921 3430 1030 3511 atatis
1045 3456 1138 3506 anno
1159 3461 1160 3464 ¹

152 3550 200 3625 L.
217 3550 352 3624 Crassus
369 3550 412 3626 C.
437 3551 649 3642 Carbonem,
675 3577 747 3626 uno
777 3553 999 3629 &vicesimo
1025 3553 1138 3627 Caesar

153 3668 389 3761 Dolabellam,
417 3671 524 3746 altero
552 3671 591 3743 &
615 3671 777 3746 vicefimo
796 3675 933 3749 Annius·
952 3672 1067 3747 Pollio
1092 3674 1137 3748 C·

156 3786 341 3886 Catonem,
385 3817 457 3868 non
489 3789 604 3868 multb
632 3812 732 3868 erate
766 3797 973 3872 antecedens
1007 3793 1138 3871 Calvus
