2820 4694
247 349 319 422 226
476 338 1051 428 C.Conuaur1Tncrrr

249 526 277 563 “
296 521 621 620 cianicomposrta.”
640 573 652 603 ·.
666 522 839 620 Qridam,
869 529 896 566 “
918 522 1079 597 omnium
1101 520 1138 594 id
1160 521 1228 595 du·

250 649 278 685 “
295 668 376 716 cum
400 642 579 716 confilium
597 642 708 734 fuisse,
725 645 894 718 ostentare
911 645 1026 742 potius
1042 642 1137 717 Urbi
1152 642 1227 716 bel·

248 768 275 805 ‘⁶
294 763 382 852 lum,
400 764 507 860 quam
529 762 679 837 inferre:
710 767 853 862 quando
866 766 1081 851 validillrmae
1103 764 1227 837 cohor·

246 891 274 926 “
292 906 343 958 tes
371 912 391 958 a
416 884 558 958 Vitellio
581 884 809 976 descivissent,
838 885 1034 960 &abscisis
1060 879 1227 958 olnnibus
1282 972 1285 980 ι

248 1012 276 1047 “
295 1005 474 1102 prandiis,
518 1007 668 1078 cellurus
712 1006 861 1102 imperio
902 1005 1096 1079 videbatur.
1157 1003 1227 1076 Sed

246 1131 275 1167 “
302 1128 428 1201 cunela
445 1125 674 1214 festinatione,
698 1110 982 1223 deindeignavia
1008 1125 1122 1200 Sabini
1147 1150 1226 1198 cor·

246 1253 274 1288 “
295 1268 420 1343 rupta:
463 1246 539 1345 qui,
579 1245 721 1343 sumptis
756 1266 887 1319 temere
920 1245 1039 1334 armis,
1072 1232 1230 1318 munitis·¹

244 1374 273 1410 “
294 1370 415 1440 simam
441 1366 604 1465 Capitolii
630 1393 759 1456 arcem,
791 1370 826 1440 ἃ
853 1391 897 1439 ne
924 1364 1063 1464 magnis
1086 1364 1230 1463 quidem

246 1494 275 1529 “
294 1486 505 1561 exercitibus
524 1487 813 1585 expugnabilem,
843 1486 1005 1559 adversirs
1022 1484 1080 1557 tris
1105 1486 1230 1558 cohor·

131 1696 132 1699 Ἴ
246 1612 274 1650 “
291 1627 341 1680 tes
357 1609 444 1680 tueri
457 1608 719 1705 nequivilsetss',
747 1607 857 1680 Haud
875 1604 978 1677 facile
996 1605 1073 1702 quis
1090 1604 1150 1677 uni
1167 1609 1228 1681 ad·

245 1728 427 1825 fignaverit
459 1729 614 1823 culpam,
649 1754 728 1824 quae
756 1727 917 1799 omnium
947 1724 1036 1798 fuit:
1075 1750 1158 1798 nam
1192 1730 1228 1798 ὅτ
1312 1811 1315 1815 ,

244 1847 434 1921 Mucianus
462 1846 637 1943 ambiguis
663 1846 813 1944 epistolis
837 1845 985 1919 virtores
1004 1848 1226 1932 morabatur3

244 1972 278 2039 δι
303 1966 478 2040 Antonius
496 1965 704 2063 praepostero
718 1963 897 2064 obsequi0,
924 1968 982 2039 vel
998 1968 1086 2040 dum
1102 1966 1230 2064 regerit
1244 1984 1248 1995 '

243 2078 426 2175 invidiam,
456 2083 588 2160 crimen
613 2086 762 2173 meruit;
789 2086 963 2185 ceterique
987 2087 1110 2176 duces,
1138 2086 1229 2161 dum

245 2210 421 2305 perablum
447 2209 581 2280 bellurn
608 2226 745 2305 putant,
772 2209 881 2281 finem
909 2205 981 2305 ejus
1008 2206 1226 2304 insignivere.

138 2353 141 2361 ¹
180 2327 183 2337 '
244 2330 304 2402 Ne
320 2325 463 2400 Petilius
480 2326 626 2425 quidem
642 2327 800 2417 Cerialis,
835 2353 918 2401 cum
940 2326 1035 2400 mille
1050 2326 1227 2426 equitibus

247 2448 452 2545 praemillus,
483 2470 522 2520 ut
539 2446 730 2521 transverfis
747 2446 922 2521 itineribus
941 2449 1000 2544 per
1019 2472 1142 2546 agmm
1165 2450 1227 2522 Sa·

246 2569 386 2659 binum,
413 2557 539 2647 Salaria
566 2560 633 2656 uia,
659 2570 799 2643 Urbem
824 2568 992 2658 introiret,
1017 2568 1091 2642 satis
1109 2587 1226 2642 matu·

245 2711 401 2764 raverat:
423 2689 536 2761 donec
551 2684 668 2761 obsessi
680 2687 843 2789 Capitolii
861 2688 955 2767 fama
967 2689 1110 2764 cunuos
1127 2689 1230 2762 simul
1252 2682 1256 2691 ’

245 2811 388 2883 exciret.
577 2812 581 2822 ’

294 2931 470 3003 LXXIX.
497 2935 710 3005 Aurourus
748 2958 811 3030 per
832 2930 1039 3006 Flaminiam
1067 2929 1113 3002 ad
1141 2930 1230 3004 Saxa

246 3051 361 3137 rubra,
389 3052 501 3123 multo
522 3049 598 3148 jam
628 3051 753 3142 noblis,
784 3050 896 3128 serum
924 3052 1096 3126 auxilium
1123 3049 1229 3124 venit.
1270 3035 1274 3049 ¹
1324 3108 1329 3118 .

249 3170 327 3240 Illic
346 3175 381 3236 ,“
401 3169 619 3247 interfeetum
638 3164 818 3263 Sabinum,
844 3175 1070 3273 conflagtalle
1086 3171 1231 3268 Capito·

250 3294 277 3328 “
297 3286 398 3377 lium,
419 3309 565 3366 tremere
586 3293 764 3384 Urbem‚''
785 3294 902 3368 maesta
919 3294 1047 3368 'omnia
1065 3291 1226 3390 accepit:

249 3414 276 3451 “
295 3407 434 3503 plebem
461 3436 604 3509 quoque
622 3419 655 3487 a
679 3412 812 3487 servitia
829 3439 894 3512 pro
906 3415 1047 3487 Vitellio
1064 3410 1228 3500 armari,”

248 3526 480 3603 nuntiabatur.
533 3535 578 3605 Et
596 3534 720 3607 Petilio
741 3534 867 3608 Ceriali
891 3533 1044 3633 equestre
1061 3531 1229 3631 proelium
1262 3568 1264 3570 ·

248 3647 427 3725 advetlum
445 3645 552 3719 fuerat
570 3679 579 3722 ι
607 3679 760 3752 namque
777 3655 968 3744 incautum,
996 3658 1029 3726 a
1047 3676 1230 3752 tamquam

248 3775 293 3847 ad
323 3771 433 3845 vielos
467 3789 639 3862 ruentem,
673 3774 863 3867 Vitelliani,
897 3772 1092 3870 interjeelus
1120 3771 1251 3872 equiti(
