<?xml version="1.0" encoding="UTF-8"?>
<!DOCTYPE html PUBLIC "-//W3C//DTD XHTML 1.0 Transitional//EN"
    "http://www.w3.org/TR/xhtml1/DTD/xhtml1-transitional.dtd">
<html xmlns="http://www.w3.org/1999/xhtml" xml:lang="en" lang="en">
 <head>
  <title>
</title>
<meta http-equiv="Content-Type" content="text/html;charset=utf-8" />
  <meta name='ocr-system' content='tesseract 3.04.00' />
  <meta name='ocr-capabilities' content='ocr_page ocr_carea ocr_par ocr_line ocrx_word'/>
</head>
<body>
  <div class='ocr_page' id='page_1' title='image "./ccorneliitaciti01freigoog_0250.png"; bbox 0 0 2820 4694; ppageno 0'>
   <div class='ocr_carea' id='block_1_1' title="bbox 348 350 1148 455">
    <p class='ocr_par' dir='ltr' id='par_1_1' title="bbox 348 350 1148 455">
     <span class='ocr_line' id='line_1_1' title="bbox 348 350 1148 455; baseline -0.004 -26"><span class='ocrx_word' id='word_1_1' title='bbox 348 350 737 429; x_wconf 69' lang='lat' dir='ltr'>Hrsro&#39;rrtnun</span> <span class='ocrx_word' id='word_1_2' title='bbox 774 353 881 425; x_wconf 56' lang='lat' dir='ltr'>L‘r&#39;u.</span> <span class='ocrx_word' id='word_1_3' title='bbox 919 355 981 425; x_wconf 90' lang='lat' dir='ltr'>IV.</span> <span class='ocrx_word' id='word_1_4' title='bbox 1080 379 1148 455; x_wconf 84' lang='lat'>245</span> 
     </span>
    </p>
   </div>
   <div class='ocr_carea' id='block_1_2' title="bbox 65 519 1251 3890">
    <p class='ocr_par' dir='ltr' id='par_1_2' title="bbox 65 519 1242 2926">
     <span class='ocr_line' id='line_1_2' title="bbox 203 519 1147 630; baseline 0.004 -20"><span class='ocrx_word' id='word_1_5' title='bbox 203 552 212 565; x_wconf 80' lang='grc'>”</span> <span class='ocrx_word' id='word_1_6' title='bbox 226 539 322 611; x_wconf 75' lang='lat' dir='ltr'>vnn</span> <span class='ocrx_word' id='word_1_7' title='bbox 342 522 609 630; x_wconf 42' lang='lat' dir='ltr'>&#39;Mancuttun</span> <span class='ocrx_word' id='word_1_8' title='bbox 630 545 658 584; x_wconf 91' lang='lat'><em>“</em></span> <span class='ocrx_word' id='word_1_9' title='bbox 668 565 738 615; x_wconf 92' lang='lat' dir='ltr'>non</span> <span class='ocrx_word' id='word_1_10' title='bbox 755 540 848 614; x_wconf 88' lang='lat' dir='ltr'>suam</span> <span class='ocrx_word' id='word_1_11' title='bbox 866 519 1064 615; x_wconf 87' lang='lat' dir='ltr'>sententiam</span> <span class='ocrx_word' id='word_1_12' title='bbox 1081 540 1147 614; x_wconf 92' lang='lat' dir='ltr'>im·</span> 
     </span>
     <span class='ocr_line' id='line_1_3' title="bbox 180 643 1146 759; baseline 0 -26"><span class='ocrx_word' id='word_1_13' title='bbox 180 667 208 705; x_wconf 87' lang='lat'><strong>“</strong></span> <span class='ocrx_word' id='word_1_14' title='bbox 226 643 386 758; x_wconf 84' lang='lat' dir='ltr'>pugnari,</span> <span class='ocrx_word' id='word_1_15' title='bbox 420 658 492 733; x_wconf 26' lang='lat' dir='ltr'>sed*</span> <span class='ocrx_word' id='word_1_16' title='bbox 512 660 687 734; x_wconf 90' lang='lat' dir='ltr'>consulem</span> <span class='ocrx_word' id='word_1_17' title='bbox 715 660 933 759; x_wconf 75' lang='lat' dir='ltr'>designatum</span> <span class='ocrx_word' id='word_1_18' title='bbox 962 659 1146 734; x_wconf 81' lang='lat' dir='ltr'>censuisse&#39;&#39;</span> 
     </span>
     <span class='ocr_line' id='line_1_4' title="bbox 178 780 1148 880; baseline -0.002 -26"><span class='ocrx_word' id='word_1_19' title='bbox 178 781 330 870; x_wconf 76' lang='lat' dir='ltr'>dicebat,</span> <span class='ocrx_word' id='word_1_20' title='bbox 356 787 382 823; x_wconf 89' lang='lat'><strong>“</strong></span> <span class='ocrx_word' id='word_1_21' title='bbox 402 780 590 874; x_wconf 78' lang='lat' dir='ltr'>secundum</span> <span class='ocrx_word' id='word_1_22' title='bbox 604 801 719 855; x_wconf 89' lang='lat' dir='ltr'>vetera</span> <span class='ocrx_word' id='word_1_23' title='bbox 736 784 910 880; x_wconf 83' lang='lat' dir='ltr'>exempla,</span> <span class='ocrx_word' id='word_1_24' title='bbox 929 807 1006 879; x_wconf 87' lang='lat' dir='ltr'>quae</span> <span class='ocrx_word' id='word_1_25' title='bbox 1024 780 1148 854; x_wconf 85' lang='lat' dir='ltr'>sortem</span> 
     </span>
     <span class='ocr_line' id='line_1_5' title="bbox 179 887 1147 999; baseline 0 -26"><span class='ocrx_word' id='word_1_26' title='bbox 179 909 207 945; x_wconf 88' lang='lat'>“</span> <span class='ocrx_word' id='word_1_27' title='bbox 225 899 453 999; x_wconf 76' lang='lat' dir='ltr'>legationibus</span> <span class='ocrx_word' id='word_1_28' title='bbox 468 887 662 998; x_wconf 84' lang='lat' dir='ltr'>posuissent,</span> <span class='ocrx_word' id='word_1_29' title='bbox 675 928 718 975; x_wconf 91' lang='lat' dir='ltr'>ne</span> <span class='ocrx_word' id='word_1_30' title='bbox 735 902 917 975; x_wconf 85' lang='lat' dir='ltr'>ambitioni</span> <span class='ocrx_word' id='word_1_31' title='bbox 931 922 989 975; x_wconf 85' lang='lat' dir='ltr'>aut</span> <span class='ocrx_word' id='word_1_32' title='bbox 1000 901 1147 975; x_wconf 91' lang='lat' dir='ltr'>inimici-</span> 
     </span>
     <span class='ocr_line' id='line_1_6' title="bbox 180 1021 1149 1120; baseline 0.003 -26"><span class='ocrx_word' id='word_1_33' title='bbox 180 1021 282 1095; x_wconf 84' lang='lat' dir='ltr'>“tiis</span> <span class='ocrx_word' id='word_1_34' title='bbox 301 1024 396 1095; x_wconf 88' lang='lat' dir='ltr'>locus</span> <span class='ocrx_word' id='word_1_35' title='bbox 420 1021 517 1095; x_wconf 91' lang='lat' dir='ltr'>soret.</span> <span class='ocrx_word' id='word_1_36' title='bbox 567 1022 668 1095; x_wconf 90' lang='lat' dir='ltr'>Nihil</span> <span class='ocrx_word' id='word_1_37' title='bbox 692 1022 852 1113; x_wconf 89' lang='lat' dir='ltr'>evenisse,</span> <span class='ocrx_word' id='word_1_38' title='bbox 881 1049 942 1096; x_wconf 92' lang='lat' dir='ltr'>cur</span> <span class='ocrx_word' id='word_1_39' title='bbox 958 1023 1149 1120; x_wconf 89' lang='lat' dir='ltr'>antiquitus</span> 
     </span>
     <span class='ocr_line' id='line_1_7' title="bbox 179 1140 1150 1241; baseline 0.004 -30"><span class='ocrx_word' id='word_1_40' title='bbox 179 1146 209 1211; x_wconf 68' lang='lat'>‘‚‘&#39;</span> <span class='ocrx_word' id='word_1_41' title='bbox 227 1140 381 1213; x_wconf 88' lang='lat' dir='ltr'>instituta</span> <span class='ocrx_word' id='word_1_42' title='bbox 404 1141 652 1231; x_wconf 74' lang='lat' dir='ltr'>exolescerent,</span> <span class='ocrx_word' id='word_1_43' title='bbox 685 1162 744 1215; x_wconf 91' lang='lat' dir='ltr'>aut</span> <span class='ocrx_word' id='word_1_44' title='bbox 760 1143 944 1241; x_wconf 67' lang='lat' dir='ltr'>2Principis</span> <span class='ocrx_word' id='word_1_45' title='bbox 971 1145 1082 1216; x_wconf 93' lang='lat' dir='ltr'>honor</span> <span class='ocrx_word' id='word_1_46' title='bbox 1115 1142 1150 1215; x_wconf 94' lang='lat' dir='ltr'>in</span> 
     </span>
     <span class='ocr_line' id='line_1_8' title="bbox 180 1260 1242 1360; baseline 0.004 -26"><span class='ocrx_word' id='word_1_47' title='bbox 180 1260 427 1360; x_wconf 82' lang='lat' dir='ltr'>“cujusquam</span> <span class='ocrx_word' id='word_1_48' title='bbox 465 1260 712 1335; x_wconf 85' lang='lat' dir='ltr'>contumeliam</span> <span class='ocrx_word' id='word_1_49' title='bbox 736 1282 958 1337; x_wconf 82' lang='lat' dir='ltr'>=verteretur:</span> <span class='ocrx_word' id='word_1_50' title='bbox 1001 1263 1151 1338; x_wconf 85' lang='lat' dir='ltr'>sufficere</span> <span class='ocrx_word' id='word_1_51' title='bbox 1238 1286 1242 1305; x_wconf 76' lang='lat'><em>&#39;</em></span> 
     </span>
     <span class='ocr_line' id='line_1_9' title="bbox 180 1382 1146 1482; baseline 0.005 -30"><span class='ocrx_word' id='word_1_52' title='bbox 180 1388 208 1425; x_wconf 86' lang='lat'><strong>“</strong></span> <span class='ocrx_word' id='word_1_53' title='bbox 225 1406 346 1454; x_wconf 89' lang='lat' dir='ltr'>omnes</span> <span class='ocrx_word' id='word_1_54' title='bbox 365 1382 528 1480; x_wconf 89' lang='lat' dir='ltr'>obsequio</span> <span class='ocrx_word' id='word_1_55' title='bbox 543 1383 607 1456; x_wconf 82' lang='lat' dir='ltr'>:id</span> <span class='ocrx_word' id='word_1_56' title='bbox 632 1383 743 1481; x_wconf 87' lang='lat' dir='ltr'>magis</span> <span class='ocrx_word' id='word_1_57' title='bbox 759 1384 953 1473; x_wconf 89' lang='lat' dir='ltr'>vitandum,</span> <span class='ocrx_word' id='word_1_58' title='bbox 976 1410 1019 1457; x_wconf 93' lang='lat' dir='ltr'>ne</span> <span class='ocrx_word' id='word_1_59' title='bbox 1036 1384 1146 1482; x_wconf 90' lang='lat' dir='ltr'>pervi-</span> 
     </span>
     <span class='ocr_line' id='line_1_10' title="bbox 181 1498 1185 1603; baseline 0.004 -27"><span class='ocrx_word' id='word_1_60' title='bbox 181 1510 209 1546; x_wconf 92' lang='lat'><strong>“</strong></span> <span class='ocrx_word' id='word_1_61' title='bbox 227 1502 318 1576; x_wconf 67' lang='lat' dir='ltr'>cacis</span> <span class='ocrx_word' id='word_1_62' title='bbox 333 1503 563 1600; x_wconf 78' lang='lat' dir='ltr'>quorumdam</span> <span class='ocrx_word' id='word_1_63' title='bbox 581 1503 773 1577; x_wconf 80' lang='lat' dir='ltr'>inritaretur</span> <span class='ocrx_word' id='word_1_64' title='bbox 788 1505 935 1595; x_wconf 88' lang='lat' dir='ltr'>animus,</span> <span class='ocrx_word' id='word_1_65' title='bbox 951 1518 1043 1577; x_wconf 88' lang='lat' dir='ltr'>novo</span> <span class='ocrx_word' id='word_1_66' title='bbox 1056 1506 1149 1603; x_wconf 93' lang='lat' dir='ltr'>prin·</span> <span class='ocrx_word' id='word_1_67' title='bbox 1177 1498 1185 1512; x_wconf 68' lang='grc'><em>’</em></span> 
     </span>
     <span class='ocr_line' id='line_1_11' title="bbox 179 1620 1216 1727; baseline 0.002 -29"><span class='ocrx_word' id='word_1_68' title='bbox 179 1631 211 1667; x_wconf 91' lang='lat'>“·</span> <span class='ocrx_word' id='word_1_69' title='bbox 225 1623 342 1721; x_wconf 88' lang='lat' dir='ltr'>cipatu</span> <span class='ocrx_word' id='word_1_70' title='bbox 359 1620 547 1719; x_wconf 90' lang='lat' dir='ltr'>suspensus,</span> <span class='ocrx_word' id='word_1_71' title='bbox 578 1629 611 1697; x_wconf 75' lang='grc' dir='ltr'>δι</span> <span class='ocrx_word' id='word_1_72' title='bbox 631 1624 747 1698; x_wconf 88' lang='lat' dir='ltr'>vultus</span> <span class='ocrx_word' id='word_1_73' title='bbox 764 1651 904 1722; x_wconf 92' lang='lat' dir='ltr'>quoque</span> <span class='ocrx_word' id='word_1_74' title='bbox 920 1651 959 1697; x_wconf 87' lang='lat' dir='ltr'>ac</span> <span class='ocrx_word' id='word_1_75' title='bbox 978 1622 1149 1700; x_wconf 79' lang='lat' dir='ltr'>sermones</span> <span class='ocrx_word' id='word_1_76' title='bbox 1214 1723 1216 1727; x_wconf 21' lang='grc' dir='ltr'>Ι</span> 
     </span>
     <span class='ocr_line' id='line_1_12' title="bbox 178 1724 1148 1844; baseline 0.002 -27"><span class='ocrx_word' id='word_1_77' title='bbox 178 1753 206 1789; x_wconf 90' lang='lat'>“</span> <span class='ocrx_word' id='word_1_78' title='bbox 223 1744 382 1817; x_wconf 87' lang='lat' dir='ltr'>omnium</span> <span class='ocrx_word' id='word_1_79' title='bbox 401 1724 699 1841; x_wconf 70' lang='lat' dir='ltr'>circumspectans.</span> <span class='ocrx_word' id='word_1_80' title='bbox 749 1747 791 1818; x_wconf 82' lang='lat' dir='ltr'>Se</span> <span class='ocrx_word' id='word_1_81' title='bbox 807 1746 996 1827; x_wconf 79' lang='lat' dir='ltr'>meminisse</span> <span class='ocrx_word' id='word_1_82' title='bbox 1013 1759 1148 1844; x_wconf 61' lang='lat' dir='ltr'>tempo*</span> 
     </span>
     <span class='ocr_line' id='line_1_13' title="bbox 178 1863 1150 1963; baseline 0.003 -25"><span class='ocrx_word' id='word_1_83' title='bbox 178 1874 207 1912; x_wconf 82' lang='lat'>‘⁴</span> <span class='ocrx_word' id='word_1_84' title='bbox 225 1891 317 1954; x_wconf 90' lang='lat' dir='ltr'>rum,</span> <span class='ocrx_word' id='word_1_85' title='bbox 348 1863 475 1961; x_wconf 91' lang='lat' dir='ltr'>quibus</span> <span class='ocrx_word' id='word_1_86' title='bbox 500 1885 597 1937; x_wconf 85' lang='lat' dir='ltr'>natus</span> <span class='ocrx_word' id='word_1_87' title='bbox 618 1867 669 1953; x_wconf 86' lang='lat' dir='ltr'>fit,</span> <span class='ocrx_word' id='word_1_88' title='bbox 695 1891 802 1963; x_wconf 89' lang='lat' dir='ltr'>quarn</span> <span class='ocrx_word' id='word_1_89' title='bbox 831 1866 977 1940; x_wconf 87' lang='lat' dir='ltr'>civitatis</span> <span class='ocrx_word' id='word_1_90' title='bbox 1000 1865 1150 1942; x_wconf 89' lang='lat' dir='ltr'>sormam</span> 
     </span>
     <span class='ocr_line' id='line_1_14' title="bbox 178 1985 1235 2085; baseline 0.004 -28"><span class='ocrx_word' id='word_1_91' title='bbox 178 1994 206 2030; x_wconf 86' lang='lat'>“</span> <span class='ocrx_word' id='word_1_92' title='bbox 225 2006 335 2083; x_wconf 88' lang='lat' dir='ltr'>patres</span> <span class='ocrx_word' id='word_1_93' title='bbox 355 1985 480 2083; x_wconf 88' lang='lat' dir='ltr'>avique</span> <span class='ocrx_word' id='word_1_94' title='bbox 492 1985 711 2059; x_wconf 86' lang='lat' dir='ltr'>instituerint:</span> <span class='ocrx_word' id='word_1_95' title='bbox 735 1986 896 2059; x_wconf 85' lang='lat' dir='ltr'>ulteriora</span> <span class='ocrx_word' id='word_1_96' title='bbox 913 1987 1042 2078; x_wconf 87' lang='lat' dir='ltr'>mirari,</span> <span class='ocrx_word' id='word_1_97' title='bbox 1062 2013 1149 2085; x_wconf 84' lang='lat' dir='ltr'>prae·</span> <span class='ocrx_word' id='word_1_98' title='bbox 1231 2059 1235 2073; x_wconf 80' lang='grc'><em>,</em></span> 
     </span>
     <span class='ocr_line' id='line_1_15' title="bbox 177 2104 1149 2205; baseline 0.001 -25"><span class='ocrx_word' id='word_1_99' title='bbox 177 2113 206 2152; x_wconf 84' lang='grc'><strong>“</strong></span> <span class='ocrx_word' id='word_1_100' title='bbox 224 2106 328 2180; x_wconf 86' lang='lat' dir='ltr'>sentia</span> <span class='ocrx_word' id='word_1_101' title='bbox 343 2104 469 2203; x_wconf 82' lang='lat' dir='ltr'>sequi:</span> <span class='ocrx_word' id='word_1_102' title='bbox 497 2107 608 2180; x_wconf 89' lang='lat' dir='ltr'>bonos</span> <span class='ocrx_word' id='word_1_103' title='bbox 625 2108 854 2204; x_wconf 84' lang='lat' dir='ltr'>Imperatores</span> <span class='ocrx_word' id='word_1_104' title='bbox 871 2120 960 2179; x_wconf 89' lang='lat' dir='ltr'>voto</span> <span class='ocrx_word' id='word_1_105' title='bbox 973 2117 1149 2205; x_wconf 77' lang='lat' dir='ltr'>expetere,</span> 
     </span>
     <span class='ocr_line' id='line_1_16' title="bbox 176 2216 1201 2326; baseline -0.006 -25"><span class='ocrx_word' id='word_1_106' title='bbox 176 2227 489 2326; x_wconf 89' lang='lat' dir='ltr'>“qualescumque</span> <span class='ocrx_word' id='word_1_107' title='bbox 513 2227 666 2299; x_wconf 77' lang='lat' dir='ltr'>tolerare.</span> <span class='ocrx_word' id='word_1_108' title='bbox 727 2228 812 2300; x_wconf 94' lang='lat' dir='ltr'>Non</span> <span class='ocrx_word' id='word_1_109' title='bbox 835 2216 1047 2324; x_wconf 66' lang='lat' dir='ltr'>&#39;magistus</span> <span class='ocrx_word' id='word_1_110' title='bbox 1074 2254 1149 2301; x_wconf 90' lang='lat' dir='ltr'>ora·</span> <span class='ocrx_word' id='word_1_111' title='bbox 1197 2287 1201 2295; x_wconf 73' lang='grc'>,</span> 
     </span>
     <span class='ocr_line' id='line_1_17' title="bbox 175 2327 1149 2446; baseline -0.003 -24"><span class='ocrx_word' id='word_1_112' title='bbox 175 2349 315 2422; x_wconf 88' lang='lat' dir='ltr'>“tione</span> <span class='ocrx_word' id='word_1_113' title='bbox 339 2346 543 2437; x_wconf 87' lang='lat' dir='ltr'>Thraseam,</span> <span class='ocrx_word' id='word_1_114' title='bbox 573 2348 680 2444; x_wconf 71' lang='lat' dir='ltr'>quim</span> <span class='ocrx_word' id='word_1_115' title='bbox 703 2346 838 2446; x_wconf 87' lang='lat' dir='ltr'>judicio</span> <span class='ocrx_word' id='word_1_116' title='bbox 866 2345 999 2422; x_wconf 80' lang='lat' dir='ltr'>senatbs</span> <span class='ocrx_word' id='word_1_117' title='bbox 1028 2327 1149 2420; x_wconf 59' lang='lat' dir='ltr'>atlflic&#39;ss</span> 
     </span>
     <span class='ocr_line' id='line_1_18' title="bbox 176 2450 1148 2566; baseline 0.001 -25"><span class='ocrx_word' id='word_1_118' title='bbox 176 2474 205 2511; x_wconf 87' lang='lat'><strong>“</strong></span> <span class='ocrx_word' id='word_1_119' title='bbox 224 2476 311 2542; x_wconf 89' lang='lat' dir='ltr'>tum.</span> <span class='ocrx_word' id='word_1_120' title='bbox 361 2452 537 2540; x_wconf 72' lang='lat' dir='ltr'>Saevitiam</span> <span class='ocrx_word' id='word_1_121' title='bbox 562 2468 724 2558; x_wconf 86' lang='lat' dir='ltr'>Neronis,</span> <span class='ocrx_word' id='word_1_122' title='bbox 752 2478 813 2566; x_wconf 91' lang='lat' dir='ltr'>per</span> <span class='ocrx_word' id='word_1_123' title='bbox 845 2465 1040 2565; x_wconf 87' lang='lat' dir='ltr'>hujusmodi</span> <span class='ocrx_word' id='word_1_124' title='bbox 1061 2450 1148 2542; x_wconf 63' lang='lat' dir='ltr'>imass</span> 
     </span>
     <span class='ocr_line' id='line_1_19' title="bbox 177 2587 1149 2684; baseline 0.001 -25"><span class='ocrx_word' id='word_1_125' title='bbox 177 2594 205 2630; x_wconf 88' lang='lat'><strong>“</strong></span> <span class='ocrx_word' id='word_1_126' title='bbox 223 2587 319 2684; x_wconf 84' lang='lat' dir='ltr'>gines</span> <span class='ocrx_word' id='word_1_127' title='bbox 351 2587 613 2661; x_wconf 79' lang='lat' dir='ltr'>inlusrssez&#39;nec</span> <span class='ocrx_word' id='word_1_128' title='bbox 642 2590 757 2662; x_wconf 75' lang='lat' dir='ltr'>minlrs</span> <span class='ocrx_word' id='word_1_129' title='bbox 781 2588 841 2663; x_wconf 88' lang='lat' dir='ltr'>fibi</span> <span class='ocrx_word' id='word_1_130' title='bbox 869 2589 1010 2661; x_wconf 84' lang='lat' dir='ltr'>anxiam</span> <span class='ocrx_word' id='word_1_131' title='bbox 1041 2588 1149 2660; x_wconf 84' lang='lat' dir='ltr'>talem</span> 
     </span>
     <span class='ocr_line' id='line_1_20' title="bbox 178 2705 1147 2812; baseline 0.003 -35"><span class='ocrx_word' id='word_1_132' title='bbox 178 2711 206 2812; x_wconf 66' lang='lat' dir='ltr'>‘f</span> <span class='ocrx_word' id='word_1_133' title='bbox 220 2705 420 2796; x_wconf 84' lang='lat' dir='ltr'>amicitiam,</span> <span class='ocrx_word' id='word_1_134' title='bbox 445 2709 552 2805; x_wconf 66' lang='lat' dir='ltr'>quim</span> <span class='ocrx_word' id='word_1_135' title='bbox 568 2708 642 2781; x_wconf 88' lang='lat' dir='ltr'>aliis</span> <span class='ocrx_word' id='word_1_136' title='bbox 662 2709 829 2783; x_wconf 73' lang='lat' dir='ltr'>exsilium.</span> <span class='ocrx_word' id='word_1_137' title='bbox 880 2708 1041 2807; x_wconf 87' lang='lat' dir='ltr'>Denique</span> <span class='ocrx_word' id='word_1_138' title='bbox 1062 2734 1147 2782; x_wconf 89' lang='lat' dir='ltr'>con-</span> 
     </span>
     <span class='ocr_line' id='line_1_21' title="bbox 65 2822 1149 2926; baseline 0.006 -31"><span class='ocrx_word' id='word_1_139' title='bbox 65 2853 68 2858; x_wconf 49' lang='lat'>*</span> <span class='ocrx_word' id='word_1_140' title='bbox 177 2830 208 2866; x_wconf 69' lang='lat'>“&#39;</span> <span class='ocrx_word' id='word_1_141' title='bbox 224 2822 356 2912; x_wconf 65' lang='lat' dir='ltr'>stantib,</span> <span class='ocrx_word' id='word_1_142' title='bbox 379 2822 590 2918; x_wconf 72' lang='lat' dir='ltr'>fortintdine,</span> <span class='ocrx_word' id='word_1_143' title='bbox 616 2829 853 2904; x_wconf 87' lang='lat' dir='ltr'>Catonibus&amp;</span> <span class='ocrx_word' id='word_1_144' title='bbox 871 2830 982 2902; x_wconf 87' lang='lat' dir='ltr'>Brutis</span> <span class='ocrx_word' id='word_1_145' title='bbox 999 2854 1149 2926; x_wconf 79' lang='lat' dir='ltr'>aequate·</span> 
     </span>
    </p>

    <p class='ocr_par' dir='ltr' id='par_1_3' title="bbox 124 2928 1251 3890">
     <span class='ocr_line' id='line_1_22' title="bbox 177 2928 1251 3046; baseline 0.009 -33"><span class='ocrx_word' id='word_1_146' title='bbox 177 2949 206 2985; x_wconf 79' lang='lat'>‘⁶</span> <span class='ocrx_word' id='word_1_147' title='bbox 224 2963 282 3017; x_wconf 91' lang='lat' dir='ltr'>tur</span> <span class='ocrx_word' id='word_1_148' title='bbox 297 2944 483 3018; x_wconf 89' lang='lat' dir='ltr'>Helvidius</span> <span class='ocrx_word' id='word_1_149' title='bbox 500 2974 508 3017; x_wconf 90' lang='lat'>:</span> <span class='ocrx_word' id='word_1_150' title='bbox 537 2946 570 3021; x_wconf 90' lang='lat' dir='ltr'>se</span> <span class='ocrx_word' id='word_1_151' title='bbox 584 2974 695 3023; x_wconf 94' lang='lat' dir='ltr'>unum</span> <span class='ocrx_word' id='word_1_152' title='bbox 712 2951 778 3022; x_wconf 87' lang='lat' dir='ltr'>esse</span> <span class='ocrx_word' id='word_1_153' title='bbox 794 2974 838 3022; x_wconf 87' lang='lat' dir='ltr'>ex</span> <span class='ocrx_word' id='word_1_154' title='bbox 855 2933 914 3022; x_wconf 93' lang='lat' dir='ltr'>illo</span> <span class='ocrx_word' id='word_1_155' title='bbox 932 2948 1061 3041; x_wconf 89' lang='lat' dir='ltr'>senatu,</span> <span class='ocrx_word' id='word_1_156' title='bbox 1086 2946 1148 3046; x_wconf 90' lang='lat' dir='ltr'>qui</span> <span class='ocrx_word' id='word_1_157' title='bbox 1239 2928 1251 2940; x_wconf 53' lang='grc'><strong>’</strong></span> 
     </span>
     <span class='ocr_line' id='line_1_23' title="bbox 177 3063 1147 3172; baseline 0.007 -37"><span class='ocrx_word' id='word_1_158' title='bbox 177 3069 205 3107; x_wconf 85' lang='lat'><strong><em>“</em></strong></span> <span class='ocrx_word' id='word_1_159' title='bbox 225 3065 323 3137; x_wconf 88' lang='lat' dir='ltr'>simul</span> <span class='ocrx_word' id='word_1_160' title='bbox 350 3063 511 3145; x_wconf 84' lang='lat' dir='ltr'>servierit.</span> <span class='ocrx_word' id='word_1_161' title='bbox 559 3068 707 3172; x_wconf 84' lang='lat' dir='ltr'>Suadere</span> <span class='ocrx_word' id='word_1_162' title='bbox 733 3068 836 3142; x_wconf 90' lang='lat' dir='ltr'>etiam</span> <span class='ocrx_word' id='word_1_163' title='bbox 857 3069 991 3160; x_wconf 81' lang='lat' dir='ltr'>Prisco,</span> <span class='ocrx_word' id='word_1_164' title='bbox 1022 3095 1066 3142; x_wconf 91' lang='lat' dir='ltr'>ne</span> <span class='ocrx_word' id='word_1_165' title='bbox 1093 3069 1147 3142; x_wconf 92' lang='lat' dir='ltr'>su·</span> 
     </span>
     <span class='ocr_line' id='line_1_24' title="bbox 124 3185 1149 3286; baseline 0.01 -30"><span class='ocrx_word' id='word_1_166' title='bbox 124 3201 127 3209; x_wconf 83' lang='lat'>&#39;</span> <span class='ocrx_word' id='word_1_167' title='bbox 176 3191 205 3227; x_wconf 88' lang='lat'><strong>“</strong></span> <span class='ocrx_word' id='word_1_168' title='bbox 225 3209 285 3281; x_wconf 86' lang='lat' dir='ltr'>pra</span> <span class='ocrx_word' id='word_1_169' title='bbox 300 3185 497 3283; x_wconf 86' lang='lat' dir='ltr'>Principem</span> <span class='ocrx_word' id='word_1_170' title='bbox 513 3186 699 3286; x_wconf 82' lang='lat' dir='ltr'>scantleret,</span> <span class='ocrx_word' id='word_1_171' title='bbox 717 3215 760 3263; x_wconf 88' lang='lat' dir='ltr'>ne</span> <span class='ocrx_word' id='word_1_172' title='bbox 777 3189 1020 3286; x_wconf 84' lang='lat' dir='ltr'>Vespafianum</span> <span class='ocrx_word' id='word_1_173' title='bbox 1034 3189 1149 3266; x_wconf 89' lang='lat' dir='ltr'>senem</span> 
     </span>
     <span class='ocr_line' id='line_1_25' title="bbox 177 3294 1148 3411; baseline 0.008 -33"><span class='ocrx_word' id='word_1_174' title='bbox 177 3312 206 3348; x_wconf 90' lang='lat'><strong>“</strong></span> <span class='ocrx_word' id='word_1_175' title='bbox 225 3305 485 3405; x_wconf 89' lang='lat' dir='ltr'>triumphalem,</span> <span class='ocrx_word' id='word_1_176' title='bbox 500 3306 673 3406; x_wconf 89' lang='lat' dir='ltr'>juvenum</span> <span class='ocrx_word' id='word_1_177' title='bbox 689 3294 875 3383; x_wconf 90' lang='lat' dir='ltr'>liberorum</span> <span class='ocrx_word' id='word_1_178' title='bbox 893 3329 1040 3406; x_wconf 87' lang='lat' dir='ltr'>patrem,</span> <span class='ocrx_word' id='word_1_179' title='bbox 1061 3339 1148 3411; x_wconf 84' lang='lat' dir='ltr'>prae·</span> 
     </span>
     <span class='ocr_line' id='line_1_26' title="bbox 177 3428 1147 3530; baseline 0.006 -31"><span class='ocrx_word' id='word_1_180' title='bbox 177 3432 205 3470; x_wconf 91' lang='lat'><strong>“</strong></span> <span class='ocrx_word' id='word_1_181' title='bbox 223 3428 335 3524; x_wconf 85' lang='lat' dir='ltr'>ceptis&#39;</span> <span class='ocrx_word' id='word_1_182' title='bbox 362 3432 546 3501; x_wconf 67' lang='lat' dir='ltr'>coemeret.</span> <span class='ocrx_word' id='word_1_183' title='bbox 596 3430 788 3525; x_wconf 84' lang='lat' dir='ltr'>Qromodo</span> <span class='ocrx_word' id='word_1_184' title='bbox 821 3429 967 3526; x_wconf 75' lang='lat' dir='ltr'>pessimis</span> <span class='ocrx_word' id='word_1_185' title='bbox 995 3434 1147 3530; x_wconf 92' lang='lat' dir='ltr'>Impera-</span> 
     </span>
     <span class='ocr_line' id='line_1_27' title="bbox 177 3547 1148 3649; baseline 0.005 -30"><span class='ocrx_word' id='word_1_186' title='bbox 177 3553 205 3588; x_wconf 90' lang='lat'><strong>“</strong></span> <span class='ocrx_word' id='word_1_187' title='bbox 222 3547 360 3621; x_wconf 42' lang='lat' dir='ltr'>toribus*</span> <span class='ocrx_word' id='word_1_188' title='bbox 383 3551 451 3622; x_wconf 87' lang='lat' dir='ltr'>stne</span> <span class='ocrx_word' id='word_1_189' title='bbox 483 3551 553 3623; x_wconf 88' lang='lat' dir='ltr'>fine</span> <span class='ocrx_word' id='word_1_190' title='bbox 584 3547 874 3637; x_wconf 84' lang='lat' dir='ltr'>dominationem,</span> <span class='ocrx_word' id='word_1_191' title='bbox 907 3550 953 3624; x_wconf 90' lang='lat' dir='ltr'>ita</span> <span class='ocrx_word' id='word_1_192' title='bbox 988 3553 1148 3649; x_wconf 83' lang='lat' dir='ltr'>quamvis</span> 
     </span>
     <span class='ocr_line' id='line_1_28' title="bbox 178 3666 1148 3768; baseline 0.005 -31"><span class='ocrx_word' id='word_1_193' title='bbox 178 3666 369 3767; x_wconf 82' lang='lat' dir='ltr'>“egregiis</span> <span class='ocrx_word' id='word_1_194' title='bbox 410 3671 558 3744; x_wconf 93' lang='lat' dir='ltr'>modum</span> <span class='ocrx_word' id='word_1_195' title='bbox 606 3668 772 3743; x_wconf 88' lang='lat' dir='ltr'>libertatis</span> <span class='ocrx_word' id='word_1_196' title='bbox 813 3671 982 3768; x_wconf 86' lang='lat' dir='ltr'>placete.&#39;&#39;</span> <span class='ocrx_word' id='word_1_197' title='bbox 1056 3672 1148 3743; x_wconf 82' lang='lat' dir='ltr'>Haec&#39;</span> 
     </span>
     <span class='ocr_line' id='line_1_29' title="bbox 176 3786 1148 3890; baseline 0 -26"><span class='ocrx_word' id='word_1_198' title='bbox 176 3786 310 3886; x_wconf 85' lang='lat' dir='ltr'>magnis</span> <span class='ocrx_word' id='word_1_199' title='bbox 335 3789 508 3889; x_wconf 87' lang='lat' dir='ltr'>utrimque</span> <span class='ocrx_word' id='word_1_200' title='bbox 536 3790 813 3867; x_wconf 90' lang='lat' dir='ltr'>contentionibus</span> <span class='ocrx_word' id='word_1_201' title='bbox 835 3790 977 3890; x_wconf 64' lang='lat' dir='ltr'>jastata,</span> <span class='ocrx_word' id='word_1_202' title='bbox 1009 3789 1148 3866; x_wconf 82' lang='lat' dir='ltr'>diverfis</span> 
     </span>
    </p>
   </div>
   <div class='ocr_carea' id='block_1_3' title="bbox 604 3914 678 4011">
    <p class='ocr_par' dir='ltr' id='par_1_4' title="bbox 604 3914 678 4011">
     <span class='ocr_line' id='line_1_30' title="bbox 604 3914 678 4011; baseline 0 0"><span class='ocrx_word' id='word_1_203' title='bbox 604 3914 678 4011; x_wconf 79' lang='lat' dir='ltr'>Ra</span> 
     </span>
    </p>
   </div>
   <div class='ocr_carea' id='block_1_4' title="bbox 0 0 1414 4694">
    <p class='ocr_par' dir='ltr' id='par_1_5' title="bbox 0 0 1414 4694">
     <span class='ocr_line' id='line_1_31' title="bbox 0 0 1414 4694; baseline 0 0"><span class='ocrx_word' id='word_1_204' title='bbox 0 0 1414 4694; x_wconf 95' lang='lat' dir='ltr'> </span> 
     </span>
    </p>
   </div>
  </div>
 </body>
</html>
