2806 4694
337 336 735 441 Hrsrortrarurr
763 365 874 440 Lrn.
902 365 932 438 Ι.
1098 396 1143 468 23

162 539 210 614 ris
227 536 420 631 instindior,
446 540 492 614 ad
509 541 607 638 quod
623 538 787 621 facillime
804 541 850 614 ab
866 537 1033 638 ejusmodi
1062 561 1147 616 voto

165 664 335 737 mentitur.

216 783 354 860 XXIII.
380 783 456 856 San
473 781 606 857 sceleris
623 780 805 880 cogitatio,
836 780 1008 855 incertum
1025 807 1070 856 an
1094 807 1147 858 re·

164 926 268 999 pens:
293 900 406 976 studia
422 902 575 978 militum
588 901 661 1000 jam
679 901 829 999 pridem,
845 898 904 998 spe
916 898 1146 994 succeffionis,

164 1041 226 1096 aut
243 1044 363 1121 paratu
391 1021 565 1115 facinoris,
595 1021 851 1104 adfedaverat:
882 1021 919 1096 in
945 1020 1082 1113 itinere,
1110 1023 1146 1099 in
1247 1036 1253 1054 “

165 1143 320 1242 agmine,
349 1144 386 1220 in
414 1145 632 1233 stationibus,
666 1142 931 1217 vetustiffimum
968 1169 1147 1242 quemque

166 1263 324 1339 milimm
351 1266 497 1340 nornine
524 1290 667 1354 vocans,
698 1289 738 1337 nc
769 1264 937 1338 memoria
953 1265 1148 1358 Neroniani

164 1383 370 1473 comitatbs,
395 1385 618 1457 contubernales
643 1385 875 1482 appellando:
906 1384 991 1460 alios
1024 1385 1147 1484 agnos-

166 1528 260 1595 cere,
288 1503 455 1603 quosdam
482 1503 669 1603 requirere,
695 1509 728 1579 δι
757 1504 918 1601 pecunia,
944 1526 1003 1582 aut
1022 1506 1146 1603 gratia,

160 1621 309 1724 juvare:
339 1623 522 1703 inserendo
552 1623 675 1722 saepius
703 1626 870 1724 querelas,
901 1629 935 1699 δι
961 1626 1147 1724 ambiguos

164 1746 213 1819 de
229 1746 344 1820 Galba
360 1744 549 1837 sermones,
580 1772 730 1845 quaeque
745 1745 811 1822 alia
825 1748 1044 1821 turbamenta
1069 1749 1147 1820 vul-

165 1864 216 1964 gi.
265 1866 422 1942 Labores
438 1865 614 1958 itinerum,
644 1866 763 1964 inopia
780 1887 1055 1957 commeatuum,
1080 1868 1147 1943 du-

166 1984 247 2059 ritia
278 1985 426 2084 imperii,
450 1988 600 2063 atrocibe
625 1987 907 2086 accipiebantur:
940 1987 1024 2061 crim
1040 1988 1146 2063 Cam·

167 2106 280 2203 paniae
296 2108 390 2182 lacus
416 2111 451 2183 tc
479 2108 624 2184 Achaia
637 2112 740 2184 urbes
756 2110 914 2182 claffibus
929 2107 1034 2182 adire
1042 2107 1146 2200 soliti,

166 2226 379 2321 Pirenaeum,
410 2233 444 2304 bc
468 2231 593 2328 Alpes,
617 2235 651 2305 δι
676 2227 844 2306 immensa
866 2229 1004 2307 viarum
1027 2229 1146 2329 spatia,

169 2348 261 2446 πετὲ
286 2347 350 2424 sub
374 2349 480 2425 armis
503 2351 725 2425 eniterentur.
845 2395 848 2401 ·

217 2471 354 2546 XXIV.
393 2475 709 2549 Fnaertaurraus
732 2470 807 2572 jam
830 2473 984 2549 rnilitum
1004 2470 1146 2563 animis,
1181 2546 1188 2555 ,

99 2657 107 2669 .
164 2591 266 2664 -velut
283 2587 373 2668 Iaces
389 2594 570 2673 addiderat
586 2592 742 2668 Maevius
758 2596 911 2686 Pudens,
937 2620 958 2670 e
979 2591 1147 2692 proximis

167 2710 358 2807 Tigellini:
383 2713 410 2787 is
435 2712 697 2790 mobilissrmum
710 2740 889 2815 quemque
911 2715 1069 2814 ingenio,
1089 2733 1147 2789 aot

169 2830 329 2927 pecunia
351 2832 528 2930 indigum,
549 2839 583 2910 δι
605 2826 643 2908 in
668 2862 776 2910 novas
791 2833 999 2932 cupiditates
1025 2834 1146 2931 praci-

170 2948 285 3047 pitern
309 2948 506 3043 alliciendo,
529 2953 571 3026 eb
594 2954 773 3052 paullatim
796 2957 988 3053 progreffus
1008 2955 1072 3046 est,
1095 2975 1147 3046 ut,

169 3094 232 3166 per
256 3068 405 3168 speciem
428 3073 595 3166 convivii,
614 3075 774 3173 quotiens
793 3076 908 3150 Galba
921 3076 1015 3172 apud
1030 3076 1146 3152 Otho-

167 3215 252 3266 nem
290 3193 496 3289 epularetur,
524 3197 675 3288 cohorti,
702 3194 866 3272 excubias
893 3194 1026 3296 agenti,
1061 3195 1145 3271 viri·

169 3312 234 3387 tim
252 3334 416 3391 centenos
432 3341 598 3394 nummos
613 3316 805 3392 divideret:
827 3342 933 3414 quarn
946 3317 1042 3390 velut
1054 3319 1146 3414 pub·

169 3432 274 3511 licam
300 3428 536 3536 largitionem,
562 3436 675 3529 Otho,
706 3436 943 3514 secretioribus
964 3437 1057 3535 apud
1081 3440 1148 3525 fin,⁸

169 3556 270 3653 gulos
296 3556 464 3654 premiis,
494 3556 723 3634 intendebat:
749 3548 846 3632 adeb'
868 3556 1041 3635 animosus
1070 3583 1145 3631 cor-

168 3696 304 3774 ruptor,
323 3697 362 3752 ut
386 3677 538 3753 Cocceio
560 3678 726 3769 ProcuIO,
755 3677 972 3778 speculatori,
989 3680 1035 3753 de
1050 3698 1147 3776 parte

166 3796 297 3906 &eitun
323 3824 407 3878 cum
434 3796 551 3877 vicino
579 3798 788 3898 ambigenti,
817 3798 1017 3877 universum
1038 3797 1146 3877 vicini
