2766 4658
290 315 541 449 Drntoout
576 355 634 408 nt
668 335 991 412 Onnronrnot.
1048 355 1127 438 ·43

152 511 259 612 quam
277 515 372 611 apud
387 514 529 587 Graecos
545 511 845 587 Demosthenem?
873 538 980 611 quem
997 511 1129 586 studio·

153 635 315 707 srllimum
327 633 480 708 Platonis
495 634 688 706 auditorem
706 630 802 706 fuiffe
816 635 992 708 memorie
1009 633 1129 732 prodi·

151 774 229 828 turn
247 756 305 829 est.
355 757 402 827 Et
420 754 558 843 Cicero,
577 752 644 842 his,
668 775 708 826 ut
723 753 863 851 opinor,
882 753 982 828 refert
999 756 1129 845 verbis,

151 879 303 973 quidquid
314 881 348 948 in
362 877 533 971 eloquentie}
549 874 698 968 effecerit,
714 876 750 944 id
759 877 799 967 se
815 901 871 945 non
892 875 1059 965 rhetorum,
1070 877 1135 968 sed
1218 962 1222 965 ,

150 994 451 1090 Academiaespatiis
467 995 661 1087 consecutum.
709 995 796 1065 Sunt
817 995 891 1067 aliae
907 996 1015 1070 causae
1032 1020 1134 1095 mag-

151 1120 251 1187 nae&
271 1140 408 1214 graves,
423 1139 508 1212 quas
522 1114 655 1188 anobis
667 1114 787 1210 aperiri
804 1140 945 1211 aequum
962 1116 1025 1205 est,
1042 1143 1132 1214 quo·

152 1234 247 1307 niam
269 1234 414 1332 quidem
434 1260 502 1334 ego
520 1231 596 1331 jam
620 1261 739 1308 meum
765 1260 891 1307 munus
911 1236 1064 1332 explevi,
1082 1242 1133 1327 ὅτ,

153 1358 251 1454 quod
281 1354 368 1429 mihi
396 1356 433 1430 in
462 1356 709 1430 consuetudine
729 1355 794 1445 est,
823 1355 902 1429 satis
928 1357 1057 1429 multos
1080 1355 1133 1430 of·

101 1552 104 1562 k
151 1473 272 1550 fendi:
304 1475 366 1576 qui
393 1480 417 1550 sr
447 1476 534 1550 forte
563 1479 631 1550 hoc
656 1475 828 1567 audirent,
857 1496 989 1550 certum
1022 1477 1137 1551 habco

42 1648 44 1657 ι
152 1594 323 1689 ἀίἂιιτοε,
349 1622 420 1687 me,
439 1599 526 1671 dum
537 1593 625 1694 juris
643 1602 676 1671 ἃ
695 1596 922 1696 philosophia
939 1593 1132 1687 scientiam,

36 1777 42 1783 .
149 1737 333 1816 tamquam
351 1718 477 1792 oratori
498 1717 732 1811 neceffariam,
758 1718 878 1809 laudo,
892 1706 1033 1816 'ineptiis
1049 1717 1135 1792 meis

153 1839 320 1937 plaustffe.
717 1830 720 1837 i

203 1961 378 2041 XXXIII.
406 1962 466 2036 Er·
488 1961 672 2050 Maternus,
705 1959 792 2033 mihi
816 1959 975 2059 quidem,
1004 1959 1135 2059 inquit,
1179 1975 1182 1981 '

152 2077 347 2178 susceptum
374 2108 395 2156 a
415 2102 450 2175 te
473 2109 600 2171 munus
617 2079 706 2154 adeo
726 2082 892 2178 peregilse
908 2083 1066 2157 nondum
1082 2083 1136 2154 vi·
1184 2174 1186 2185 Α

151 2202 254 2292 deris,
268 2223 306 2276 ut
318 2201 489 2278 inchoaffe
499 2203 650 2289 tantum,
666 2205 700 2274 δι
714 2200 808 2272 velut
818 2199 962 2296 vestigia
973 2226 1013 2273 ac
1027 2201 1135 2274 Iinea·

153 2343 273 2395 menta
293 2321 458 2418 quaedam
486 2321 666 2394 ostendiffe
685 2318 845 2392 videaris.
894 2321 991 2392 Nam
1009 2320 1137 2416 quibus

151 2438 273 2513 instrui
290 2460 423 2513 veteres
447 2459 598 2513 oratores
613 2438 700 2512 soliti
717 2441 793 2528 sint,
811 2436 945 2527 dixisti,
973 2438 1136 2512 differem

153 2545 309 2658 tiamque
322 2560 447 2634 nostrae
463 2560 602 2635 desrdiae
620 2565 654 2634 ἃ
672 2558 856 2634 inscientiae
866 2560 1026 2633 advertiis
1042 2585 1136 2634 acer-

154 2680 244 2754 rima
257 2687 291 2754 &
304 2678 542 2754 fecundilltma
552 2705 673 2764 eorum
684 2679 794 2754 studia
803 2679 1058 2755 demonstrasti:
1079 2707 1135 2755 ce·

153 2822 228 2876 tera
245 2801 421 2898 exspecto,
435 2822 487 2893 ut,
503 2801 805 2900 quemadmodum
821 2828 866 2876 ex
883 2822 916 2877 te
932 2800 1037 2875 didici
1051 2802 1138 2900 quid
1199 2875 1204 2885 ,

154 2919 215 2997 aut
235 2923 284 2996 illi
305 2918 440 3013 scirent,
459 2925 598 2998 aut‘nos
622 2921 826 3014 nesciamus,
848 2922 895 2997 ita
908 2925 976 2997 hoc
993 2948 1138 3022 quoque

154 3043 375 3143 cognoscam,
390 3046 516 3143 quibus
533 3041 1001 3141 exercitationibusjuvenes,
1014 3041 1089 3140 jatn
1102 3049 1138 3119 ὅτ

156 3163 272 3239 forum
294 3166 443 3265 ingressi,
464 3167 672 3240 confirmare
694 3168 730 3237 &
747 3167 838 3240 alere
854 3164 994 3263 ingenia
1009 3162 1068 3237 sua
1084 3165 1137 3238 so·

155 3286 207 3360 liti
220 3290 305 3360 sint:
333 3311 445 3385 neque
458 3287 553 3361 enim
565 3308 638 3360 arte
653 3290 686 3360 δι
702 3285 850 3376 scientil,
870 3285 926 3360 sed
940 3286 1045 3385 longe
1063 3313 1138 3359 ma·

156 3408 209 3507 gis
225 3407 387 3482 facultate
404 3409 640 3506 eloquentiam
661 3407 843 3500 contineri,
871 3433 935 3480 nec
958 3427 1009 3497 tu,
1036 3430 1136 3504 put0,
1215 3489 1220 3497 ,

154 3522 299 3618 abnues,
327 3534 360 3603 &
385 3530 421 3604 hi
443 3529 632 3629 significare
650 3530 750 3601 vultu
774 3528 946 3602 videntur.
997 3529 1138 3601 Deinde

155 3651 239 3722 ctlm
258 3656 356 3748 Aper
379 3677 523 3749 quoque
545 3652 579 3723 δι
602 3650 781 3724 Secundus
810 3649 902 3723 idem
929 3650 1136 3734 annuillent,

156 3770 304 3864 Meffala,
329 3775 422 3871 quast
440 3769 551 3846 rursus
570 3771 759 3870 incipiens:
789 3771 968 3870 QtonIam
986 3768 1138 3842 initia&
