2806 4694
148 296 197 340 '⁸
263 345 309 418 32
454 317 1047 396 c.1c0nnaa11Tac111

83 490 86 497 ’
173 570 174 573 ,
260 493 496 568 exhortatione
513 499 646 588 mutus,
671 522 743 570 non
759 517 941 596 tamquam
963 497 1000 569 in
1023 497 1167 594 popu10,
1192 512 1236 568 ac

257 616 371 712 plebe,
402 614 503 687 variis
533 615 627 713 segni
660 618 857 692 adulatione
887 617 1044 705 vocibus,
1084 614 1155 704 sed,
1195 633 1236 686 ut

257 758 432 832 quemque
469 737 683 810 affluentium
709 737 861 812 militum
891 735 1106 836 aspexerant,
1130 758 1233 834 pren·

254 852 324 927 sare
349 854 521 943 manibus,
558 859 743 954 complesti
777 859 891 950 armis,
908 860 1088 933 conlocare
1115 857 1234 955 juxta,

252 974 373 1072 praeire
400 973 667 1067 sacramentum,
698 980 808 1052 modd
833 978 1085 1077 Imperatorem
1112 975 1230 1049 militi·

252 1096 333 1183 bus,
360 1096 471 1169 modi>
485 1098 688 1203 Imperatori
706 1099 832 1172 milites
845 1099 1103 1172 commendare.
1153 1099 1233 1169 Nec
1319 1084 1322 1093 ’

251 1215 367 1288 deerat
389 1217 486 1291 Otho
508 1220 719 1316 protendens
742 1244 879 1307 manus,
909 1221 1048 1291 adorare
1069 1219 1231 1314 vulgum,

244 1333 361 1432 jacere
377 1337 507 1430 oscula,
539 1344 572 1412 ὅτ
589 1340 709 1413 omnia
724 1338 887 1412 serviliter
904 1363 968 1433 pro
985 1336 1233 1409 dominatione.

250 1456 443 1553 Postquam
460 1458 617 1532 universa
633 1460 846 1533 clafficornm
865 1458 957 1556 legio
982 1455 1232 1529 sacramentum

250 1572 325 1672 ejus
349 1578 499 1677 accepit,
522 1562 635 1654 fidens
652 1579 798 1669 viribus,
824 1583 857 1652 a
876 1602 964 1676 quos
981 1577 1096 1655 adhuc
1112 1579 1228 1673 singu·

247 1698 299 1770 los
315 1697 609 1789 exstimulaverat,
634 1698 875 1772 accendendos
900 1698 936 1771 in
962 1721 1150 1770 commune
1174 1720 1227 1767 ra·

246 1837 317 1908 tus,
344 1843 410 1915 pro
424 1820 518 1893 vallo
534 1819 723 1893 castrorum
742 1819 788 1899 ita
804 1819 922 1916 coepit.
1085 1819 1087 1825 ⁴

297 1940 489 2012 XXXVII.
518 1943 662 2036 “Qus
691 1942 735 2013 ad
765 1965 829 2012 vos
863 1938 1099 2036 processerim,
1129 1955 1228 2010 com-

247 2065 277 2101 “
295 2058 482 2148 militones‚
495 2059 611 2132 dicere
623 2045 695 2132 nori
709 2058 860 2156 possum:
881 2059 963 2156 quia
977 2083 1040 2131 nec
1053 2057 1228 2154 privatum

250 2186 278 2222 “
297 2205 355 2268 me
373 2204 497 2253 vocare
521 2176 683 2271 sustineo,
709 2180 875 2276 Princeps
899 2205 919 2251 a
942 2177 1043 2251 vobis
1067 2177 1226 2249 nomina·

250 2308 278 2343 “
295 2321 370 2374 tus:
402 2325 467 2374 nec
484 2299 697 2398 Principem,
720 2301 789 2375 alio
811 2300 1014 2398 imperante.
1063 2295 1227 2368 Vestrum

249 2428 278 2464 “
297 2446 440 2519 quoque
458 2447 587 2494 nomen
606 2422 641 2494 in
666 2420 802 2502 incerto
816 2421 890 2510 erit,
916 2422 1028 2492 donec
1045 2415 1226 2489 dubitabi-

249 2550 349 2615 “tur
372 2543 625 2639 Imperatorem
651 2542 773 2637 populi
802 2540 956 2614 Romani
973 2539 1009 2610 in
1027 2536 1156 2625 castris,
1181 2560 1226 2608 an

244 2659 424 2733 “hostem
443 2660 607 2734 habeatis.
657 2658 852 2749 Auditisne,
874 2679 914 2732 ut
938 2684 1045 2755 poena
1063 2682 1156 2747 mea,
1188 2659 1223 2729 dc
1260 2654 1272 2663 “

249 2777 505 2876 “supplicium
540 2780 693 2853 vestrum
727 2781 827 2854 fimul
859 2778 1102 2881 postulentur?
1138 2776 1226 2850 adeo

248 2905 276 2940 “
294 2898 515 2973 manifestum
533 2900 596 2992 est,
623 2925 738 2999 neque
756 2900 864 2998 perire
886 2925 964 2990 nos,
984 2924 1096 2996 neque
1113 2897 1224 2971 salvos
1309 2879 1312 2888 ¹

227 2995 277 3060 “‘
294 3018 547 3110 esse‚nis1unh,
566 3020 672 3117 posse.
725 3024 786 3110 Et,
800 3018 896 3116 cujus
914 3018 1059 3092 lenitatis
1076 3018 1126 3091 est
1139 3020 1224 3091 Gal·

246 3147 274 3181 “
293 3141 351 3230 ba,
371 3136 447 3236 jam
464 3138 601 3212 fortasse
618 3141 800 3236 promisit:
826 3139 958 3237 utqui,
984 3139 1082 3212 nullo
1099 3137 1224 3235 expos-

245 3265 273 3301 “
290 3279 403 3348 cente,
417 3279 469 3332 tot
483 3260 592 3332 millia
607 3257 969 3333 innocentissimorum
981 3259 1133 3334 militnm
1151 3279 1223 3332 tru-

246 3386 275 3422 “
293 3377 471 3452 cidaverit.
520 3382 658 3453 Horror
675 3379 834 3453 animum
859 3377 962 3468 subit,
993 3378 1152 3476 quotiens
1168 3404 1221 3451 re·

246 3505 274 3543 “
292 3498 419 3572 cordor
431 3496 574 3571 feralem
596 3499 792 3587 introitum,
818 3504 852 3572 δι
868 3501 957 3572 hanc
974 3498 1081 3572 solam
1100 3499 1227 3572 Galbae

245 3629 273 3665 “
288 3617 629 3712 visloriam,ci1min
647 3620 756 3692 oculis
774 3618 884 3693 Urbis
895 3617 1071 3692 decumari
1084 3616 1221 3690 deditos

146 3729 149 3735 ’
244 3749 272 3786 “
283 3738 435 3840 juberet,
448 3763 552 3836 1quos
579 3740 803 3836 deprecantes
833 3739 869 3813 in
892 3740 1000 3813 fidem
1028 3756 1217 3837 acceperat.
