2820 4694
341 342 733 415 H1sronrnnuu
770 337 978 412 Lra.·IV.
1077 363 1146 438 273

171 523 201 564 “
217 517 414 592 adulatione
426 538 624 616 temporum
641 518 803 610 foedatos,
817 540 1057 612 exonerarent,
1071 549 1147 597 mo·

170 640 375 737 “dumque
406 621 554 736 publicis
583 639 745 736 impensis
773 639 960 715 facerent.''
1010 643 1144 716 Reddi-

168 779 224 833 tur
246 758 366 832 Tertio
382 759 523 855 Juliano
540 780 700 857 praetura,
720 760 904 858 postquam
921 761 1081 861 cognitus
1099 763 1146 838 est

169 864 214 953 ad
231 878 474 977 Vespasianum
502 879 702 978 confugisse.
752 882 889 979 Gripho
913 885 1024 956 honor
1048 909 1145 956 man-

117 1051 122 1059 .
168 1003 224 1075 fit.w
278 1000 405 1097 Repeti
441 999 521 1073 inde
550 1000 785 1100 cognitionem
821 1003 909 1076 inter
942 1001 1145 1078 Musonium

170 1119 307 1193 Rufum
325 1123 359 1192 δι
376 1121 416 1192 Ρ.
434 1121 593 1193 Celerem
610 1122 763 1216 placuit;
791 1120 1039 1221 damnatusque
1057 1119 1145 1220 pub-

170 1241 251 1331 lius,
265 1246 299 1314 &
318 1240 436 1313 Sorani
452 1241 613 1314 manibus
627 1239 846 1315 satissaslum.
895 1244 1040 1341 lnfignis
1052 1245 1146 1317 Pub·

171 1359 239 1432 lica
256 1357 429 1434 severitate
445 1360 532 1450 dies,
559 1385 602 1432 ne
620 1361 783 1457 privatim
808 1363 951 1459 quidem
969 1364 1072 1436 laude
1088 1389 1143 1438 ca·
1179 1451 1184 1472 Ι

172 1480 259 1553 ruit:
290 1478 423 1577 justum
444 1479 616 1578 judicium
649 1481 799 1577 explesse
832 1482 1014 1556 Musonius
1048 1482 1146 1557 vide·

144 1668 147 1671 ,
172 1590 283 1674 baturl
332 1598 478 1674 Diversa
501 1600 594 1675 sama
611 1601 807 1692 Demetrio,
832 1603 1003 1700 Cynicam
1021 1601 1146 1676 sestam
1190 1593 1192 1595 ¹

172 1717 334 1818 professo,
348 1721 444 1819 quod
457 1721 677 1796 manifestum
693 1746 790 1795 rcum
802 1722 1025 1813 ambitiosius,
1039 1724 1147 1821 quam

170 1841 356 1932 honestius,
381 1839 593 1915 defendisset.
642 1843 708 1939 Ipsi
731 1842 857 1916 Publio
883 1868 996 1941 neque
1011 1845 1147 1917 animus

171 1961 208 2036 in
227 1959 402 2059 periculis,
421 1987 534 2059 neque
549 1962 658 2036 oratio
676 1960 916 2061 suppeditavit.
964 1965 1072 2064 Signo
1095 1966 1147 2040 ul·

170 2081 275 2157 tionis
301 2082 336 2155 in
361 2080 570 2156 accusatores
594 2084 692 2173 dato,
718 2083 804 2180 petit
828 2082 996 2158 aCaesare
1022 2086 1148 2180 Junius

170 2202 364 2294 Mauricus,
383 2211 411 2247 “
422 2224 460 2276 ut
473 2202 802 2278 commentariorum
813 2202 1063 2298 Principalium
1083 2231 1146 2301 po·

169 2329 199 2377 s‘
216 2324 373 2397 testatem
386 2323 513 2399 senatui
524 2322 663 2414 laceret,
683 2349 744 2421 per
761 2348 849 2421 quos
862 2319 1027 2411 nosceret,
1042 2348 1148 2421 quem

173 2450 200 2490 “
219 2443 363 2542 quisque
393 2442 628 2519 accusandum
661 2441 903 2543 poposcisset.'’
970 2449 997 2485 “
1014 2443 1147 2520 Cons-

173 2568 200 2626 .“
218 2545 363 2636 lendum
380 2563 440 2636 tali
462 2564 561 2662 super
578 2591 613 2638 re
629 2564 866 2662 Principem,’'
886 2561 1077 2660 respondit.

221 2682 321 2754 XLI.
346 2684 542 2775 Scunrus,
564 2683 807 2760 inchoantibus
833 2684 1056 2784 primoribus,
1082 2684 1146 2781 jus-

165 2799 356 2902 jurandum
373 2804 545 2901 concepit,
571 2831 644 2904 quo
659 2807 955 2882 certatim'omnes
973 2807 1149 2905 magistra·

173 2943 244 3013 tus,
265 2922 367 2996 ceteri
389 2943 428 2995 ut
455 2922 656 2998 sententiam
679 2930 903 3024 rogabuntur,
932 2935 960 2971 “
976 2929 1061 3002 deos
1084 2926 1151 3002 tes-

175 3044 297 3137 “⁴tes’'
321 3042 556 3135 advocabant,
585 3053 611 3089 “
633 3046 720 3119 nihil
735 3073 804 3145 ope
826 3046 883 3124 sua
904 3046 1048 3138 fastum,
1075 3075 1149 3149 quo

176 3162 419 3263 “cujusquam
441 3162 527 3239 lalus
544 3167 738 3256 laederetur,
765 3192 879 3264 neque
902 3168 935 3242 se
951 3169 1148 3264 praemium,

175 3291 203 3328 “
222 3306 281 3359 aut
314 3286 497 3375 honorem,
523 3311 568 3361 ex
597 3287 789 3360 calamitate
812 3287 945 3368 civium
977 3289 1150 3386 cepiffe:’'

174 3404 332 3504 trepidis,
361 3409 395 3478 δι
419 3407 527 3479 verba
535 3403 757 3504 jurisjurandi
775 3431 835 3504 per
851 3406 958 3480 varias
974 3432 1061 3484 artes
1074 3438 1152 3487 mu·

175 3526 341 3616 tantibus,
368 3527 447 3624 quls
475 3525 596 3625 flagitii
619 3524 969 3627 conscientiainerat.
1018 3534 1168 3606 Proba·

177 3647 263 3718 bant
302 3646 504 3745 religionem
547 3664 674 3745 patres,
718 3645 906 3746 perjurium
949 3653 1150 3750 arguebant.

178 3765 299 3866 anue
315 3770 410 3845 velut
435 3768 588 3863 censura,
613 3768 649 3843 in
666 3769 882 3850 Sariolenum
904 3772 1089 3859 Voculam,
1116 3772 1150 3844 &

644 3891 680 3965 T
