2820 4694
256 360 326 455 24⁶
466 360 809 438 conanum
846 359 1055 439 Tacrrr

259 531 377 613 studiis
397 528 662 636 accipiebantur.
713 533 805 606 Vicit
829 560 922 632 pars,
952 561 1031 633 quae
1047 533 1157 619 sortiri
1173 539 1224 610 le.
1246 557 1254 570 “

260 674 355 751 gatos
370 652 530 742 malebat,
558 652 664 726 etiam
680 653 803 732 modiis
832 672 970 751 patrum
992 654 1227 741 adnitentibus

257 772 398 850 retinere
425 796 568 852 morem.
620 775 668 847 Et
688 772 972 870 splendidissimus
994 774 1139 874 quisque
1166 799 1226 860 eo-

255 895 336 975 dem
352 890 552 981 inclinabat,
570 912 667 970 metu
684 891 821 969 invidiae
837 899 861 970 fi
877 895 937 992 ipsi
958 897 1179 995 eligerentur.¹

302 1012 368 1092 ix.
394 1012 578 1089 Saeuronr
607 1012 701 1086 aliud
723 1033 908 1102 certarnen.
957 1010 1119 1095 Pratores
1144 1041 1228 1092 ara.
1263 1023 1267 1034 ·

255 1132 295 1215 rii
328 1136 429 1226 (nam
454 1152 530 1210 turn
553 1157 574 1205 a
596 1132 796 1228 praetoribus
819 1136 1024 1213 tractabatur
1052 1137 1227 1231 ararium)

259 1261 288 1297 “
308 1252 486 1350 publicam
504 1255 764 1349 paupertatem”
793 1243 914 1350 questi,
945 1257 1137 1333 “modum
1158 1257 1228 1338 lm·

257 1376 436 1469 “musra”
454 1371 715 1473 postulaverant.
766 1376 856 1453 Eam
885 1399 1005 1454 curam
1029 1374 1146 1452 consul
1168 1376 1231 1453 de·
1259 1360 1263 1368 ‘

258 1498 422 1592 signatus,
442 1495 489 1567 ob
506 1493 782 1592 magnitudinem
800 1495 926 1587 oneris,
951 1500 985 1570 δι
1003 1495 1146 1570 remedii
1163 1495 1231 1571 dif-

258 1614 462 1705 ficultatem,
491 1613 643 1710 Principi
660 1612 861 1694 relotvabat.
911 1602 1114 1705 Helvidius,
1133 1624 1160 1660 “
1174 1643 1230 1691 ar-

259 1743 287 1803 f‘
304 1733 409 1815 bitrio
435 1733 569 1817 senatos
594 1734 791 1832 agendum”
814 1734 955 1814 censuit.
1003 1737 1097 1810 Clnn
1114 1762 1229 1833 perro-

258 1861 376 1955 garent
403 1852 581 1942 sententiat
604 1853 771 1947 consules,
796 1855 975 1936 Vulcatius
999 1857 1228 1948 Tertullinus,

254 1976 412 2057 tribunos
437 1976 559 2072 plebis,
588 1974 781 2068 inteream,
805 1977 840 2020 '“
855 2000 899 2055 ne
915 1976 1002 2074 quid
1019 1975 1117 2073 super
1136 1981 1231 2056 tanta

258 2102 285 2139 “
303 2122 353 2185 re,
385 2095 546 2194 Principe
575 2095 725 2188 absente,
752 2095 988 2185 stameratur.’'
1045 2096 1229 2174 Censuerat

255 2216 457 2307 Helvidius,
481 2236 521 2295 ut
551 2224 578 2259 “
596 2217 807 2314 Capitolium
826 2216 963 2314 publica
980 2214 1225 2307 restitueretur,
1326 2211 1327 2214 ’

179 2372 181 2378 “
258 2346 286 2382 “
305 2336 480 2436 adjuvaret
504 2335 759 2436 vespafianuss'
811 2340 902 2416 Eam
928 2335 1128 2418 sententiam
1148 2362 1227 2415 mo-

254 2460 453 2542 dastiffimus
476 2457 621 2557 quisque
645 2458 790 2549 filontio,
818 2457 945 2545 deinde
967 2456 1098 2537 oblivio
1122 2457 1228 2539 trans.

256 2581 368 2669 misor
396 2578 504 2668 suan,
524 2577 585 2676 qui
604 2583 637 2662 la
654 2569 896 2658 meminiffent.

187 2690 188 2693 ¹
266 2770 270 2774 ,
303 2702 350 2781 X.
375 2701 471 2789 Tou
489 2699 643 2783 invectus
656 2698 899 2785 estMusouius
912 2697 1028 2787 Rufus
1040 2700 1076 2779 in
1095 2707 1122 2743 “
1133 2701 1230 2774 Pub-

258 2827 286 2864 “
302 2821 389 2900 lium
405 2822 579 2910 Celerem,
597 2847 617 2895 a
634 2845 706 2917 quo
721 2822 863 2900 Baream
879 2821 1049 2898 Soranum
1066 2819 1231 2896 falsotcs-

258 2951 286 3003 l‘
301 2943 447 3023 timonio
475 2931 773 3022 circumventum”
802 2942 978 3038 arguebat.
1030 2943 1082 3017 Ea
1106 2939 1230 3040 cogni·

257 3064 352 3143 tione
369 3061 525 3141 renovari
545 3060 625 3142 odia
640 3059 900 3142 accusationum
916 3062 1143 3141 videbantur:
1170 3058 1233 3137 sed

258 3182 386 3260 vilis&
407 3208 535 3265 nocens
551 3199 627 3283 reus
646 3179 780 3278 protegi
796 3206 868 3260 non
892 3203 1035 3281 poterat.
1084 3181 1233 3278 Qrippo

257 3303 375 3383 Sorani
403 3302 517 3385 sancta
544 3301 734 3391 memoria:
766 3301 866 3385 Celet
898 3299 1066 3402 professus
1096 3299 1228 3399 sapien-

257 3419 355 3509 tiam,
383 3422 465 3503 dein
481 3424 573 3503 testis
599 3422 635 3502 in
652 3426 807 3519 Baream,
832 3421 1002 3520 proditor,
1028 3437 1231 3522 corruptor-

257 3565 326 3640 que
343 3539 517 3633 amicitia,
536 3540 632 3638 cujus
646 3542 678 3622 se
695 3543 897 3642 magistrum
914 3541 1055 3623 ferebat.
1103 3538 1229 3620 Proxi-

256 3688 334 3748 mus
345 3659 431 3753 dies,
446 3659 551 3751 causo
567 3661 767 3743 destinatur.
793 3665 871 3747 Nec
887 3681 961 3744 tam
972 3661 1157 3753 Musonius
1169 3679 1230 3745 aut
