2806 4694
248 312 293 411 5⁶
457 311 498 384 C.
539 311 1051 389 Contreancrrr

245 491 427 590 pecuniam
458 493 593 567 miffam
630 493 666 566 in
698 493 909 593 stipendium
943 493 1086 586 castelli,
1126 498 1227 592 quod

193 614 219 667 -’
245 611 330 686 olim
354 613 512 715 Helvetii
536 612 603 687 suis
624 614 793 689 militibus
819 642 863 690 ac
879 615 1055 714 stipendiis
1075 619 1240 690 tueban-v

241 753 317 808 tut:
344 734 437 832 aegre
462 733 499 807 id
525 722 607 830 paslr
631 735 802 826 Helvetii,
830 737 1029 834 interceptis
1058 736 1223 835 epistolis,

242 881 320 952 quae
345 853 489 928 nomine
511 854 711 928 Germanici
737 857 909 931 exercitus
937 859 982 931 ad
1006 856 1224 932 Pannonicas
1247 936 1270 963 ,a
1294 873 1295 879 ’

240 976 395 1074 legiones
413 973 633 1068 ferebantur,
650 977 890 1052 centurionem
909 984 943 1053 &
969 979 1137 1078 quosdam
1157 980 1225 1055 mi·

243 1097 347 1169 litum
372 1096 408 1168 in
433 1096 586 1170 custodia
610 1095 816 1170 retinebant.
865 1100 1020 1191 Caecina,
1050 1101 1131 1175 belli
1149 1100 1224 1174 avi-

241 1219 324 1307 dus,
353 1217 551 1314 proximam
569 1243 747 1315 quamque
764 1219 920 1314 culpam,
948 1233 1135 1318 antequam
1154 1248 1225 1319 pae·

241 1338 381 1428 niteret,
400 1338 514 1411 ultum
531 1337 614 1411 ibat.
665 1340 769 1427 Mota¹
787 1337 935 1437 propere
954 1339 1083 1412 castra:
1104 1341 1226 1415 vastati

244 1458 340 1558 agri:
364 1458 535 1557 direptus,
561 1461 667 1559 longi
694 1485 778 1558 pace
806 1460 842 1532 in
871 1461 1020 1534 modurn
1046 1460 1227 1559 municipii

241 1580 449 1670 exstructus,
479 1582 590 1671 locus,
614 1606 756 1656 amoeno
773 1580 958 1655 salubrium
976 1607 1147 1678 aquarum
1164 1581 1225 1659 usu

242 1701 406 1799 frequens
422 1729 431 1773 r
459 1701 543 1774 missi
558 1702 602 1773 ad
620 1701 756 1776 Raetica
772 1701 902 1776 auxilia
917 1703 1041 1793 nuntii,
1060 1721 1100 1776 ut
1112 1701 1225 1779 versos

243 1820 280 1896 in
296 1821 474 1920 legionem
492 1821 678 1909 Helvetios
695 1849 715 1896 a
729 1842 828 1921 tergo
845 1823 1129 1921 adgrederentur.

289 1943 461 2016 LXVIII.
487 1943 588 2032 Itur,
607 1962 686 2017 ante
710 1942 893 2032 discrimen
909 1942 1055 2035 feroces,
1083 1944 1119 2018 in
1138 1946 1225 2045 peri.

242 2065 324 2139 culo
341 2061 474 2162 pavidi,
501 2089 717 2164 quamquam
736 2063 850 2162 ptimo
866 2066 1020 2138 tumultu
1037 2058 1227 2140 Claudium
1341 2074 1343 2129 ἶ

243 2189 411 2261 Severum
428 2185 555 2258 ducem
580 2186 749 2284 legerant,
768 2211 841 2259 non
858 2211 955 2259 arma
979 2183 1130 2276 noscere,
1153 2211 1227 2260 non
1285 2166 1292 2173 f

242 2307 380 2381 ordines
396 2304 505 2403 sequi,
533 2332 604 2380 non
628 2306 664 2381 in
679 2329 791 2382 unum
815 2305 1013 2381 consulere:
1041 2304 1226 2382 exitiosum

240 2429 407 2503 adversos
424 2448 605 2502 veteranos
624 2429 803 2526 proelium,
821 2427 932 2500 intuta
949 2426 1093 2516 obsrdi0,
1112 2426 1224 2525 dilap-

242 2548 478 2623 srsvetustate
504 2548 703 2622 moenibus:
730 2548 811 2620 hinc
836 2546 977 2621 Caecina
998 2574 1082 2622 cum
1107 2549 1226 2625 valido

242 2669 409 2758 exercitu,
427 2668 509 2742 inde
527 2667 669 2743 Raeticae
689 2669 751 2740 alae
770 2667 1010 2766 cohortesque,
1025 2668 1227 2769 &ipsorum

239 2795 425 2866 Raetorum
449 2789 624 2887 juventus,
653 2787 746 2863 sueta
773 2789 890 2880 armis,
922 2794 956 2864 δι
978 2816 1079 2866 more
1097 2793 1228 2869 militiae

240 2910 408 2985 exercita:
427 2912 586 3011 undique
604 2908 784 3008 populatio
808 2915 842 2985 δι
860 2913 992 2995 caedes;
1022 2912 1083 3010 ipsr
1099 2913 1137 2988 in
1152 2941 1226 2988 me·

240 3031 300 3105 dio
313 3031 409 3131 vagi,
423 3028 563 3135 abjectis
580 3030 695 3123 armis,
714 3057 842 3130 magna
860 3059 938 3130 pars
955 3032 1068 3124 saucii,
1088 3054 1147 3107 aut
1164 3060 1226 3132 pa·

240 3153 364 3243 lantes,
394 3151 430 3226 in
455 3173 612 3227 montem
628 3152 813 3227 Vocetium
839 3153 1030 3252 perfugere.
1080 3159 1137 3230 Ac
1160 3155 1226 3229 sta·

240 3272 320 3363 tim,
341 3273 492 3347 immissa
509 3276 653 3348 cohorte
670 3275 868 3365 Thracum,
887 3275 1035 3372 depulsi,
1066 3279 1114 3366 δι,
1141 3301 1226 3349 con-

241 3392 448 3467 sectantibus
466 3395 652 3468 Getmanis
670 3393 863 3493 Raetisque,
883 3420 945 3492 pet
956 3398 1055 3469 filvas
1071 3418 1177 3493 atque
1190 3396 1228 3470 in

240 3515 318 3613 ipsis
352 3513 488 3588 latebris
522 3516 697 3590 trucidati.
747 3517 867 3589 Multa
899 3515 1086 3589 hominurn
1114 3516 1227 3590 millia

240 3635 339 3725 caesa,
359 3636 469 3708 multa
485 3633 548 3707 sub
560 3639 688 3710 corona
701 3637 923 3710 venumdata.
974 3637 1152 3735 Ct'tmque,
1171 3636 1225 3710 di-

240 3759 325 3838 rutis
341 3754 519 3854 omnibus,
538 3754 769 3848 Aventicum,
797 3753 908 3855 gentis
921 3777 1039 3856 caput,
1050 3755 1146 3856 justo
1162 3768 1244 3861 ψ
