2752 4710
270 190 276 227 l

244 328 268 402 6
369 407 371 411 .
461 321 503 400 C.
531 320 1005 402 ConuacrrTncrrr

245 520 288 574 ac
306 498 535 574 recordatione
552 526 638 598 opus
654 496 712 589 est,
738 516 777 572 ut
797 520 877 596 quae
900 524 921 572 a
941 495 1218 596 praestantissimis

248 618 328 694 viris
341 624 373 691 dr
386 618 576 718 excogitata
592 617 754 691 subtiliter
766 620 799 690 u
812 615 904 691 dieta
917 617 1067 716 graviter
1078 616 1214 715 accepi,

247 739 326 816 curn
355 739 474 836 singuli
503 736 662 827 diversas,
687 740 744 810 vel
770 734 918 829 easdem,
942 735 1000 812 sed
1021 738 1218 840 probabiles

248 857 360 932 causas
385 857 559 947 afferrent,
582 859 670 930 dum
688 856 835 930 formam
855 855 905 931 sui
930 856 1072 956 quisque
1088 864 1121 931 δι
1138 858 1215 931 ani-

246 979 308 1068 mi,
326 982 360 1051 &
384 977 515 1075 ingenii
534 978 704 1066 redderet,
721 976 840 1050 iisdem
865 1003 957 1051 nunc
975 978 1135 1068 numeris,
1157 977 1214 1050 iis·

245 1101 397 1198 demque
418 1096 604 1170 rationibus
626 1094 819 1194 persequar,
848 1096 978 1173 servaro
1004 1097 1124 1169 ordine
1145 1093 1213 1168 dis-

247 1216 451 1318 putationis:
479 1241 592 1312 neque
609 1215 703 1289 enim
719 1214 843 1306 defuit,
867 1216 928 1313 qui
947 1214 1112 1289 diversam
1128 1241 1216 1312 quo·

247 1364 320 1436 que
338 1356 470 1434 partem
498 1333 687 1433 susciperet,
705 1363 744 1410 ac
761 1336 911 1411 multitm
929 1337 1052 1408 vexati
1068 1341 1102 1410 dt
1118 1336 1217 1409 inrisa

246 1455 427 1546 vetustate,
446 1455 638 1528 nostrorum
656 1475 854 1554 temporum
877 1457 1107 1555 eloquentiam
1130 1456 1217 1530 anti·

247 1601 400 1675 quorum
417 1574 563 1675 ingeniis
579 1574 771 1650 anteferret.
1171 1652 1172 1655 ,

296 1698 343 1769 ΙΙ.
368 1698 468 1769 Nnru
491 1695 625 1792 postero
640 1695 711 1785 die,
738 1696 845 1794 quim
869 1697 1030 1769 Curiatius
1046 1692 1218 1768 Maternus

248 1819 419 1891 Catonem
453 1815 660 1908 recitaverat,
694 1817 777 1890 clun
811 1816 988 1890 offendisse
1024 1815 1218 1914 potentium

248 1938 382 2012 animos
399 1936 581 2025 diceretur,
610 1957 788 2034 tamquam
803 1936 839 2009 in
856 1963 898 2010 eo
915 1936 1093 2034 tragoediae
1115 1961 1220 2033 argu·
1299 1994 1305 2004 .

248 2077 368 2132 mento
385 2055 435 2129 sui
451 2055 590 2144 oblitus,
607 2055 742 2129 tannim
764 2057 933 2152 Catonern
951 2056 1138 2154 cogitaffet,
1161 2061 1221 2130 ei·
1290 2108 1292 2114 s

248 2201 318 2275 que
347 2178 391 2251 de
413 2201 448 2250 re
471 2201 531 2271 per
551 2176 689 2248 Urbem
709 2177 868 2273 frequens
888 2174 1000 2248 sermo
1021 2177 1220 2267 haberetur,

255 2319 426 2372 venerunt
443 2294 487 2370 ad
504 2319 583 2369 eum
600 2300 653 2366 M.
672 2295 769 2392 Aper,
795 2302 827 2371 ὅτ
844 2296 953 2388 Julius
968 2297 1129 2383 Serurrdur,
1158 2319 1220 2369 ce·

249 2418 433 2494 leberrima
455 2437 533 2491 tum
560 2415 698 2514 ingenia
725 2413 791 2489 fori
818 2416 945 2490 nostri:
976 2442 1064 2514 quos
1091 2441 1160 2514 ego
1183 2416 1223 2490 in

244 2535 387 2638 judiciis
419 2563 489 2611 non
520 2536 680 2637 utrosque
709 2536 817 2610 modi>
844 2536 991 2610 studiose
1018 2535 1220 2626 audiebam,

247 2657 306 2734 sed
329 2656 426 2732 domi
452 2683 594 2756 quoque
618 2663 651 2732 δι
674 2657 710 2730 in
732 2656 874 2755 publico
897 2655 1103 2746 adsectabar,
1133 2655 1223 2730 miri

163 2785 165 2789 ’
248 2776 443 2853 studiorum
461 2779 665 2876 cupiditate,
690 2782 723 2850 sc
748 2776 900 2874 quodam
926 2777 1047 2849 ardore
1058 2773 1220 2872 juvenili,

248 2919 288 2974 ut
313 2898 445 2974 fabulas
462 2923 601 2995 quoque
617 2922 754 2986 eorum,
784 2900 818 2969 dt
835 2894 1091 2993 disputationes,
1117 2901 1151 2970 δι
1168 2923 1222 2970 ar·
1246 2909 1248 2920 '

249 3044 335 3093 cana
357 3017 494 3093 semotae
510 3016 668 3092 dictionis
687 3017 822 3114 penitus
845 3015 1063 3113 exciperem:
1095 3042 1222 3112 quam-

249 3139 303 3211 uis
331 3139 484 3238 maligne
512 3139 665 3235 plerique
693 3136 930 3234 opinarentur,
966 3156 1029 3210 nec
1060 3138 1225 3210 Secundo

252 3276 458 3355 promptum
479 3261 545 3332 elle
565 3256 825 3351 sermonem&
844 3259 983 3352 Aprum
999 3255 1139 3353 ingenio
1156 3276 1222 3353 po-

250 3375 318 3448 titis
340 3379 374 3447 dt
401 3377 437 3449 vi
465 3398 608 3467 naturae,
637 3377 744 3474 quim
769 3374 978 3449 institutione
996 3380 1028 3449 δι
1046 3373 1149 3448 literis
1167 3373 1185 3447 f
1204 3423 1221 3436 -

252 3519 347 3569 mam
374 3496 580 3592 eloquentiae
602 3495 836 3571 consecutum.
886 3497 981 3597 Nam
1003 3497 1036 3566 &
1060 3494 1227 3569 Secundo

154 3608 155 3611 ¹
251 3641 370 3714 purus,
397 3619 429 3687 δι
457 3619 598 3711 pressus,
616 3621 665 3707 dr,
691 3617 728 3689 in
744 3635 915 3714 quantum
939 3614 1016 3689 satis
1033 3636 1116 3707 erat,
1142 3641 1227 3713 pro-

251 3741 363 3824 fluens
379 3732 488 3811 sermo
509 3747 580 3808 non
596 3733 729 3810 defuit:
760 3741 795 3812 δι
820 3740 917 3832 Aper
937 3735 1115 3812 communi
1144 3761 1225 3831 eru-
