2820 4694
331 347 979 437 ,HrsronranoanrnlIL
1076 375 1146 430 arr

169 522 196 561 ‘¹
213 518 338 595 toriam
365 520 514 595 consiliis
540 524 574 594 δι
603 520 734 596 ratione
750 521 880 619 perfici.
930 523 1012 618 Jam
1025 523 1147 599 Mise-
1245 550 1251 554 ·

168 646 196 682 “
213 639 354 716 nensem
390 643 542 736 classem,
577 646 611 717 dt
646 640 916 739 pulcherrimam
945 643 1148 740 Campania

168 766 196 802 “
214 786 313 835 oram
330 760 531 835 desciviffe:
561 787 624 836 nec
642 763 720 859 plus
736 787 755 850 e
778 782 852 836 toto
875 781 1045 837 terrarum
1060 767 1149 839 orbe

166 889 192 927 “
210 882 384 981 reliquum
400 883 556 973 Vitellio,
581 883 802 981 quamquod
817 882 906 956 inter
922 881 1146 958 Tarracinam

166 1002 456 1102 “Narniamque
475 1001 600 1100 jaceat.
649 1003 736 1076 Satis
761 1003 879 1102 gloriae
908 1004 1034 1101 proelio
1059 1005 1146 1077 Cre·

161 1129 199 1181 “2
217 1126 373 1196 monensl
394 1144 547 1220 partum,
575 1127 608 1196 δι
637 1123 744 1198 exitio
767 1127 968 1212 Cremona,
996 1123 1149 1200 nimium

168 1250 195 1287 “
214 1243 356 1316 invidiae
373 1274 381 1317 :
414 1270 458 1317 ne
474 1242 753 1341 concupiscerent
774 1249 928 1321 Romam
944 1269 1068 1342 capere
1085 1271 1149 1342 po-

169 1371 198 1407 “
216 1363 302 1454 titis,-
334 1365 441 1462 quam
473 1362 624 1438 servare:
668 1364 799 1462 majora
825 1364 891 1439 illis
924 1365 1079 1464 premia,
1114 1369 1148 1438 dt
1214 1450 1216 1456 ,

169 1492 197 1528 “
218 1481 329 1556 multo
354 1485 550 1558 maximum
567 1487 687 1575 decus,
715 1488 737 1558 fi
759 1483 1032 1560 incolumitatem
1052 1482 1148 1560 sena·

171 1612 199 1648 “
215 1604 265 1677 tui
297 1608 501 1703 populoque
535 1609 701 1679 Romano
724 1609 792 1680 sme
821 1603 986 1704 sangiune
1010 1603 1147 1704 quaesrs·

170 1732 198 1768 “
214 1723 326 1798 l'ent.''
510 1789 512 1793 ,
1104 1749 1135 1801 ,’

215 1849 317 1920 LXI.
344 1848 424 1919 Hrs
442 1872 482 1921 ac
500 1845 626 1951 talibus
643 1845 793 1946 mitigati
811 1846 930 1920 animi.
947 1849 1044 1921 Noc
1058 1848 1148 1922 rnul-

165 1967 206 2041 tu
222 1966 301 2065 post
317 1966 472 2065 legiones
489 1967 626 2040 venere.
677 1968 723 2040 Et
738 1988 870 2041 terrore
886 1965 1049 2065 famaque
1066 1992 1149 2041 auc-

167 2087 192 2162 ti
221 2088 404 2178 exercitus,
434 2072 812 2164 Vitellianae'oohorres
841 2090 1022 2178 nutabant,
1049 2088 1148 2175 trullo

57 2219 61 2225 ‘
165 2210 202 2283 in
222 2211 354 2284 bellum
372 2209 595 2297 adhortante,
623 2207 740 2282 multis
759 2210 802 2282 ad
818 2208 1065 2298 tranfitionem,
1085 2209 1148 2306 qui

166 2328 239 2403 suas
263 2328 437 2403 centurias
464 2327 664 2426 turmasque
678 2330 828 2419 tradere,
858 2329 992 2402 donum
1009 2328 1147 2418 lidori,

167 2455 200 2523 dr
221 2449 281 2524 fibi
307 2449 344 2521 in
362 2447 540 2556 posterum
567 2449 727 2547 gratiam,
757 2451 947 2524 certabant.
996 2449 1063 2522 Per
1089 2472 1148 2523 eos

167 2569 349 2667 cognitum
362 2569 424 2659 est,
445 2575 472 2612 ‘⁶
487 2572 722 2644 Interamnam
737 2570 904 2669 proximis
917 2568 1049 2666 campis
1062 2593 1148 2665 prae·

169 2697 196 2731 “
217 2688 300 2763 fictio
316 2690 651 2788 quadringentorum
669 2692 825 2789 equitum
838 2689 981 2765 teneri.”
1020 2689 1148 2765 Milsua

157 2810 351 2905 extemplo
384 2811 509 2900 Varus,
549 2828 631 2883 cum
656 2811 821 2909 expedita
851 2836 974 2900 manu,
1020 2834 1148 2908 pnuooa
1202 2900 1207 2901 γ

76 3015 81 3023 ¹
168 2928 441 3028 repugnantium
484 2928 683 3004 interfecit:
739 2934 867 3030 plures,
911 2929 1054 3030 abjectis
1092 2955 1147 3004 ar-

168 3050 248 3141 mis,
280 3049 420 3122 veniam
452 3049 631 3147 petivere:
659 3051 806 3151 quidam
828 3030 1002 3128 in'calua
1018 3049 1147 3154 refugi,

167 3172 295 3245 'cunda
320 3167 506 3246 formidine
532 3173 739 3271 implebant,
773 3174 937 3272 augendo
952 3176 1149 3255 rumorum

166 3293 330 3365 virtutem
355 3291 540 3392 copiallrue
572 3295 739 3384 leodium,
768 3293 840 3392 qud
867 3293 976 3367 amiffi
1003 3295 1149 3390 prandii

166 3412 318 3486 dedecus
336 3411 496 3487 lenirent.
546 3418 625 3489 Nec
654 3417 726 3489 ulla
753 3414 848 3510 apud
864 3412 1064 3489 Vitellianos
1085 3418 1148 3489 fla·
1233 3503 1250 3516 *s

167 3533 240 3631 giril
258 3560 386 3631 poen23
406 3539 439 3607 dc
455 3536 602 3631 pratulis
617 3534 848 3622 defectorum,
872 3557 956 3606 vera
971 3535 1058 3607 fides
1070 3563 1092 3618 ;·
1107 3558 1149 3608 ac

148 3653 342 3752 reliquum
376 3656 530 3751 perfidiae
565 3676 765 3727 certamen:
807 3656 927 3728 crebra
957 3650 1147 3750 transfugia

168 3774 387 3848 tribunorum
402 3774 715 3870 centurionumque
729 3803 739 3859 ;
760 3800 840 3868 nam
858 3773 1032 3874 gregarius
1049 3771 1149 3848 miles

631 3895 658 3965 P
686 3919 706 3967 a
