2766 4658
645 309 648 335 ,

318 347 563 420 Drnnooos
599 369 659 417 nn
695 350 1019 423 Onaronrnus.
1109 375 1151 424 21

180 517 332 594 minibus
354 519 460 595 fecisti
486 517 637 615 plurium
655 517 823 615 ejusmodi
844 522 1025 609 librorum,
1048 521 1158 619 quam

179 637 216 711 in
234 646 348 736 Apro,
373 637 469 738 quod
487 640 647 711 nondum
663 664 684 710 a
699 639 906 714 scholasticis
923 643 1158 714 controvcrfiis

179 762 332 846 receffit3
353 759 510 833 &otium
527 758 626 831 suum
640 760 774 831 mavult
790 783 963 831 novorum
978 761 1156 834 rhetorum

124 907 127 915 ¹
177 903 292 968 more,
319 880 428 976 quam
442 897 602 953 veterum
619 899 808 970 oratorum,
837 878 1047 953 consumere.

227 1001 310 1072 XV.
335 1001 432 1071 Tunr
461 999 565 1094 Aper,
590 999 676 1070 Non
692 998 828 1087 definis,
855 999 1016 1086 Meffala,
1042 1017 1159 1074 vetera
1193 1068 1194 1071 ,

178 1118 314 1191 tantum
333 1117 528 1215 &antiqua
551 1117 682 1207 mirari,
707 1117 903 1190 nostrorum
921 1139 1037 1190 autem
1065 1138 1155 1195 tem-

178 1263 304 1334 porum
326 1237 439 1312 studia
468 1237 617 1311 inridere
644 1257 748 1334 atque
776 1244 1010 1310 contemnere.
1059 1239 1157 1312 Nam

178 1359 273 1430 hunc
300 1378 399 1432 tuum
425 1356 618 1431 sermonem
644 1356 732 1453 saepe
751 1357 888 1454 excepi,
913 1357 995 1430 curn
1023 1357 1156 1435 oblitus

180 1482 215 1550 ὅτ
245 1497 327 1569 tuae,
357 1483 390 1551 δι
419 1478 528 1552 fratris
553 1479 603 1551 tui
626 1476 845 1575 eloquentie,
876 1476 1054 1550 neminem
1087 1478 1156 1551 hoc

179 1615 338 1695 tempore
361 1618 532 1672 oratorem
558 1601 626 1679 effe
649 1599 883 1692 contenderes.
935 1601 1054 1695 Atque
1075 1596 1156 1670 ideo

181 1718 287 1792 credo
312 1718 490 1809 audaciirs,
521 1718 617 1816 quod
645 1716 790 1816 maligni
821 1717 857 1790 in
885 1717 924 1791 iis
949 1718 1155 1815 opinionem

178 1864 251 1912 non
276 1840 459 1931 verebaris,
495 1841 577 1915 cum
592 1865 669 1912 eam
698 1837 860 1937 gloriam,
884 1864 991 1937 quam
1008 1839 1071 1913 tibi
1087 1839 1156 1914 ‘alii

178 1960 388 2050 concedunt,
417 1958 486 2057 ipse
503 1959 567 2034 tibi
583 1960 781 2058 denegares.
829 1960 959 2057 Neque
975 1959 1080 2050 illius,
1105 1963 1155 2032 in·
1220 1960 1222 1964 ’

120 2093 122 2096 ’
177 2083 259 2177 quit,
285 2080 449 2154 sermonis
474 2081 544 2155 mei
578 2079 811 2178 paenitentiam
838 2104 920 2174 age,
956 2104 1070 2176 neque
1098 2098 1158 2152 aut

174 2202 387 2292 Secundum,
424 2220 483 2273 aut
511 2203 730 2285 Maternum,
764 2216 822 2269 aut
847 2195 1011 2292 teipsum,
1045 2203 1155 2294 Aper,
1263 2256 1265 2275 ‚

178 2324 415 2418 (quamquam
427 2319 604 2391 interdum
619 2317 656 2388 in
673 2313 886 2388 contrarium
901 2313 1072 2411 disputes)
1092 2315 1155 2388 ali·

176 2459 228 2511 ter
244 2436 368 2510 sentire
393 2437 508 2509 credo,
559 2440 614 2508 Ac
642 2434 749 2508 velim
765 2433 992 2530 impetratum
1021 2435 1066 2506 ab
1091 2434 1175 2519 ali·¹

177 2583 250 2655 quo
265 2556 433 2647 vestrum,
461 2575 500 2629 ut
528 2553 641 2629 causas
670 2552 771 2653 hujus
789 2554 934 2629 infinitae
950 2552 1162 2658 differentiae*

175 2676 346 2750 scrutetur
361 2702 402 2751 ac
428 2676 564 2766 reddat,
593 2702 679 2774 quas
697 2673 840 2749 mecum'
863 2671 934 2771 ipse
948 2675 1156 2772 plerumque

177 2795 372 2893 conquiro:
401 2801 435 2870 ὅτ
463 2796 560 2893 quod
589 2793 796 2892 quibusdam
820 2793 943 2867 solutio
970 2794 1033 2885 est,
1066 2794 1155 2869 mihi

176 2904 282 3015 auget
299 2915 538 3015 quaestionem,
564 2914 647 3014 quia
671 2915 776 2988 video
793 2913 897 2988 etiam
921 2914 1033 2987 Graiis
1061 2913 1153 2989 acci·

174 3036 276 3126 diffe,
316 3055 358 3109 ut
383 3036 523 3133 longius
551 3037 635 3109 absit
662 3034 827 3139 AEschine
855 3039 888 3108 δι
917 3035 1153 3110 Demosthene

175 3157 341 3230 Sacerdos
356 3154 415 3229 iste
431 3155 586 3245 Nicetes,
612 3160 645 3229 ἂ
664 3159 687 3229 fi
706 3154 886 3254 quisalius
906 3152 1081 3252 Ephesum
1094 3157 1152 3228 vel

175 3276 366 3372 Mitylenas
378 3275 548 3350 contentis
558 3274 832 3350 scholasticorum
843 3274 1051 3348 clamoribus
1063 3302 1149 3373 qua·

174 3397 230 3488 tit,
252 3398 360 3495 quim
383 3396 485 3486 Afer,
510 3417 569 3469 aut
585 3394 782 3486 Africanus,
806 3415 865 3469 aut
882 3420 943 3468 vos
966 3394 1026 3494 ipfi
1053 3396 1151 3471 aci-

176 3542 314 3608 cerone,
340 3537 399 3589 aut
413 3521 533 3590 Afinio
550 3515 734 3589 recessistis.
1145 3500 1147 3504 i

224 3637 322 3709 xvl.
347 3640 556 3727 Macrin,
594 3634 714 3733 inquit.
733 3637 900 3726 Secundus,
938 3639 973 3708 ὅτ
1005 3635 1153 3733 dignam

176 3757 320 3836 trauan
342 3757 569 3857 quaestionem
584 3754 746 3830 movisti:
759 3753 831 3830 ‘sed
848 3746 924 3855 quis
941 3781 1018 3832 eam
1027 3754 1152 3855 justius
