2820 4694
258 390 332 464 212„
491 366 532 439 C.
563 348 834 470 Connstrr
869 370 1068 447 Tscrrt

254 538 449 613 induruerat
462 566 523 638 pro
536 541 690 632 Vitellio,
704 542 816 615 donec
832 540 965 615 Priscus
983 544 1017 615 a
1032 518 1229 637 Alpheum,

256 658 391 732 desertis
407 660 533 753 castris,
561 664 606 734 ad
629 661 810 734 Vitellium
827 664 978 760 regressi,
1005 662 1136 757 pudore
1151 678 1230 758 pro-

254 778 393 852 ditionis
409 783 550 854 cunslos
567 780 791 855 exsolverent.

301 900 747 992 Lx11.·11s1›sndiebus‚
774 901 902 975 Fabius
930 901 1056 974 Valens
1084 898 1228 989 Urbini,

252 1017 288 1091 in
321 1020 490 1111 custodis,
525 1010 741 1094 interficiturt
791 1022 907 1118 Caput
938 1019 1010 1119 ejus
1041 1019 1230 1092 Vitellianis
1282 1087 1284 1093 .

254 1140 461 1214 cohortibus
487 1140 710 1229 ostentatum,
731 1166 773 1214 ne
802 1166 910 1236 quant
938 1141 1031 1213 ultra
1055 1137 1150 1236 spem
1178 1137 1230 1211 so·

250 1279 394 1331 vetent:
423 1286 505 1333 nam
525 1269 551 1302 “
570 1262 746 1357 pervasisse
769 1260 804 1332 in
818 1259 1021 1332 Germanias
1033 1260 1228 1348 Valentem,

253 1384 282 1420 “
301 1385 335 1454 &
357 1399 487 1453 veteres
510 1380 579 1453 illic
598 1380 775 1478 novosque
791 1380 961 1454 exercitus
978 1379 1092 1453 ciere'’
1114 1381 1232 1452 crede·

251 1502 346 1573 bant.
397 1499 478 1573 viss
491 1501 599 1588 caede,
629 1500 666 1573 in
682 1500 953 1597 desperationem
972 1502 1080 1573 verfi:
1100 1502 1134 1571 δι
1152 1501 1229 1572 Fls

249 1619 370 1693 vianus
383 1621 566 1710 exercitus,
586 1620 739 1694 immane
756 1640 926 1718 quantum
938 1619 1068 1711 animo,
1082 1620 1230 1694 exitium

253 1739 422 1830 Valentis,
448 1759 487 1813 ut
504 1743 611 1813 finem
628 1740 726 1830 belli,
745 1739 888 1837 accepit.
939 1743 1054 1813 Natus
1070 1760 1142 1813 erat
1158 1740 1228 1812 Va-

249 1861 324 1932 lens
346 1845 532 1958 Anagniae,
557 1860 703 1958 equestri
721 1859 874 1934 familiai:
904 1887 1034 1958 procax
1057 1861 1227 1951 moribus,

157 2042 163 2059 .
248 2006 362 2080 neque
389 1979 556 2053 absurdus
583 1980 739 2078 ingenio,
781 1978 910 2053 samam
937 1980 1139 2055 urbanitatis
1168 2006 1230 2079 per
1264 2028 1269 2043 »

247 2100 419 2174 lasciviam
438 2123 551 2199 petere
567 2130 575 2174 :
603 2101 738 2175 ludicro
754 2100 976 2196 Juvenalium
994 2099 1057 2174 sub
1069 2103 1227 2191 Nerone,
1296 2171 1300 2180 ,

247 2225 344 2296 velut
359 2248 404 2296 ex
428 2225 633 2312 necessitate,
662 2248 747 2295 mox
773 2221 893 2323 sponte
911 2220 1038 2293 mimos
1058 2221 1226 2311 aslitavit,

168 2392 172 2402 -
249 2343 331 2417 scite
360 2342 487 2441 magis,
513 2369 619 2439 quam
650 2342 791 2440 probe.
821 2344 977 2440 Legatos
1006 2341 1166 2439 legionis,
1191 2346 1227 2415 δε

247 2464 334 2539 sovit
352 2462 573 2562 Verginium,
610 2467 644 2535 dt
668 2461 861 2535 infamavit.
911 2462 1095 2535 Fonteium
1120 2461 1227 2558 Capi-

164 2588 165 2592 ’
248 2603 367 2658 tonem
390 2603 605 2680 corruptum,
624 2583 682 2656 seu
707 2582 789 2680 quia
811 2605 1033 2679 corrumpere
1059 2581 1227 2680 nequive-

243 2726 312 2795 rat,
343 2701 524 2777 interfecit.
574 2705 698 2777 Galba
717 2701 883 2801 proditor,
907 2701 1048 2775 Vitellio
1061 2703 1165 2794 lidus,
1193 2708 1227 2778 δι

248 2825 395 2898 aliorum
416 2823 559 2922 perfidis
577 2822 787 2896 inlustratus.

294 2948 430 3019 LXlll.
457 2948 652 3017 Asnurrn
670 2944 829 3042 undique
844 2944 916 3040 spe,
942 2941 1143 3017 Vitellianus
1160 2944 1225 3018 mi-

246 3066 309 3152 les,
335 3068 534 3138 transiturus
561 3064 598 3136 in
615 3085 745 3160 partes,
766 3064 802 3136 id
826 3089 969 3162 quoque
986 3091 1058 3138 non
1077 3068 1143 3137 fine
1164 3067 1224 3137 de-

245 3184 384 3272 decore,
413 3182 472 3259 sed
488 3181 550 3258 sub
568 3183 670 3280 signis
681 3183 885 3280 vexillisque
901 3184 937 3256 in
955 3184 1121 3283 subjedos
1132 3188 1224 3258 Nar-

204 3404 205 3409 ¹
246 3302 311 3375 niae
323 3326 464 3400 campos
481 3303 696 3378 descendere.
737 3304 922 3378 Flavianus
934 3306 1117 3396 exercitus,
1130 3324 1167 3377 ut
1179 3306 1224 3376 ad

245 3421 423 3520 proelium,
448 3425 599 3499 intentus
623 3424 852 3523 armatusque,
881 3427 992 3499 densis
1019 3426 1107 3498 circa
1130 3423 1225 3496 viam
1307 3428 1309 3431 ’

152 3639 153 3644 ¹
245 3540 439 3630 ordinibus,
465 3545 655 3619 adstiterat.
706 3545 854 3642 Accepti
880 3545 915 3617 in
935 3546 1098 3618 medium
1114 3544 1225 3617 Vitel-

246 3663 328 3739 liani
344 3684 357 3736 :‘
386 3656 683 3752 &circirmdatos,
710 3665 848 3738 Primus
875 3663 1051 3737 Aritonius
1070 3667 1224 3738 clemen-

244 3807 294 3860 ter
314 3778 534 3884 adloquiton
564 3790 685 3880 “pars
709 3786 864 3876 Narniae,
893 3810 970 3883 pars
996 3787 1224 3861 Interamnae”
