2806 4694
262 370 308 429 η
416 378 419 388 “
471 317 1077 445 crcosnss'rrrrcm

264 543 291 578 “
308 532 460 604 tranfitus
493 548 630 603 rerumz
674 552 738 605 nec
771 530 992 604 cunstatione
1031 550 1133 627 opus,
1172 529 1234 605 ubi

261 660 289 696 “
306 649 523 749 perniciosior
541 654 579 724 srt
596 649 707 750 quies,
736 653 844 749 qusm
861 650 1047 731 temeritas.
1072 653 1234 726 Mortent

262 779 290 816 “
307 770 470 844 omnibus
499 791 544 844 ex
572 775 692 853 natura
720 773 905 871 aequalem,
936 768 1117 849 oblivione
1141 770 1237 866 apud

260 900 288 936 ‘¹
306 891 469 988 posteros,
499 893 556 993 tel
581 893 689 991 gloria
703 893 880 993 distingui.
931 899 988 969 Ac
1007 895 1029 966 fi
1048 872 1234 964 nocentem
1316 913 1321 920 ·

259 1011 597 1110 “innocentemque
632 1014 728 1087 idem
766 1013 878 1093 exitus
906 1031 1058 1103 maneat,
1095 1009 1235 1086 acrioris

258 1131 369 1210 “viri
393 1134 474 1223 esse,
501 1133 627 1208 meritb
653 1134 797 1231 perire.¹'
1170 1139 1174 1147 ’

307 1250 428 1343 XXII.
454 1255 548 1328 Non
577 1274 647 1331 erat
674 1253 827 1328 Othonis
862 1254 992 1343 mollis,
1033 1257 1067 1327 δι
1097 1252 1236 1352 corpori

191 1433 214 1449 „
257 1374 375 1447 srmilis
391 1374 539 1449 ani-mus.
591 1377 636 1445 Et
666 1373 783 1447 intimi
809 1373 1013 1446 libertorum
1041 1372 1235 1447 servorum-

258 1508 330 1593 que
356 1494 562 1592 corruptius,
591 1493 700 1591 qnam
728 1494 764 1566 in
798 1493 932 1591 privata
958 1494 1082 1584 dom0,
1112 1494 1234 1586 habiti,

258 1618 375 1689 aulam
405 1615 572 1706 Neronis,
597 1619 630 1688 &
657 1616 774 1704 luxus,
798 1613 977 1705 adulteria,
1002 1607 1235 1705 matrimonia,

182 1761 188 1773 ‘
258 1734 453 1833 ceterasque
484 1761 675 1835 regnorum
701 1734 877 1825 libidines,
902 1735 1009 1808 avido
1031 1735 1167 1824 talium,
1195 1737 1236 1809 [ss

75 1837 79 1843 ³
141 1888 143 1892 ³
186 1888 192 1894 ·
226 1876 227 1879 ’
258 1858 414 1945 auderet,
439 1876 478 1929 ut
494 1856 553 1929 sua
579 1856 810 1947 ostentantes3
829 1853 1028 1954 quiescenti,
1065 1877 1103 1928 ut
1127 1854 1239 1935 aliena

259 1977 540 2074 exprobrabant:
574 1976 795 2074 «urgentibus
827 1976 933 2052 etiarn
966 1973 1237 2065 mathematicis,

160 2158 164 2163 .
207 2117 212 2132 ²
257 2099 345 2171 dum
371 2101 400 2138 “
418 2120 532 2168 novos
548 2101 736 2186 motus‚&
771 2098 903 2171 clarum
924 2096 1061 2170 Othoni
1089 2120 1236 2186 annum,

227 2197 228 2202 ἵ
258 2216 544 2291 “observatione
580 2216 770 2308 siderum,''
803 2219 999 2291 affirmant:
1035 2241 1143 2315 genus
1171 2216 1236 2289 ho·

256 2337 406 2427 minum,
442 2335 643 2435 potentibus
677 2337 842 2429 infidum,
870 2336 1082 2436 sperantibus
1114 2334 1236 2428 fallax,

256 2461 355 2558 quod
383 2458 420 2532 in
448 2459 586 2533 civitate
602 2438 727 2534 xnostra
761 2463 794 2533 ἃ
826 2458 997 2544 vetabitur
1027 2455 1174 2554 semper,
1201 2462 1235 2540 δι

157 2659 159 2664 ,
258 2578 474 2660 retinebitur,
524 2581 661 2653 Multos
685 2579 810 2652 secreta
837 2580 999 2674 Poppaeae
1016 2576 1238 2652 mathemati,

258 2725 331 2788 cos,
365 2702 546 2795 pessimum
574 2697 778 2795 Principalis
796 2696 1010 2780 matrimonii
1027 2696 1237 2770 instmmen·

256 2839 348 2910 tum,
374 2822 586 2896 habuerant:
623 2818 813 2918 equibus,
844 2818 1071 2908 Ptolemaeus,
1104 2816 1238 2897 Othoni

258 2941 296 3014 in
329 2938 499 3036 Hispanis
532 2963 664 3030 comes,
695 2940 777 3013 cirm
823 2943 850 2983 “
866 2934 1123 3037 superfuturum
1155 2963 1238 3022 eum

165 3150 169 3156 ι
259 3068 287 3104 “
307 3060 464 3134 Neroni”
492 3060 707 3159 promififfet‚
726 3057 911 3156 postquam
929 3083 973 3132 ex
990 3077 1117 3131 eventu
1135 3058 1236 3148 fides,
1260 3090 1264 3095 ’

260 3179 455 3281 conjoetura
473 3180 563 3280 jam,
589 3184 623 3254 &
643 3194 793 3270 rumore,
817 3178 946 3253 senium
965 3180 1104 3271 Galba,
1128 3182 1162 3252 δι
1177 3176 1236 3275 ju,
1322 3247 1327 3267 x

255 3322 400 3377 ventam
411 3300 561 3374 Othonis
572 3299 866 3396 computantium,
880 3297 1095 3397 persuaserat,
1110 3306 1138 3342 “
1149 3296 1238 3392 sore,

259 3431 287 3466 “
306 3410 346 3497 ut
362 3421 400 3495 in
418 3419 605 3518 imperium
622 3418 898 3493 adscisceretur.''
934 3420 1002 3494 Sed
1017 3421 1129 3515 otho,
1146 3439 1237 3493 tam-

259 3568 366 3642 quam
391 3540 514 3640 pcritib
540 3545 573 3613 δι
598 3538 734 3614 monitu
760 3538 909 3613 satorum
939 3539 1120 3637 praedieha,
1145 3538 1237 3614 acci-

259 3664 391 3766 piebat,
420 3659 586 3760 cupidine
602 3659 734 3759 ingenii
752 3658 896 3733 humani
913 3654 1077 3735 libentius
1093 3654 1237 3746 obscura

260 3782 439 3863 credentis.
489 3783 569 3860 Nec
592 3783 708 3858 deerat
737 3781 960 3874 Ptolemaeus,
980 3778 1058 3892 jam
1083 3779 1236 3868 &seclo
