2820 4694
363 343 754 421 Hrsronranuru
789 347 900 418 Lrs.
930 345 993 418 IV.
1094 369 1164 444 295

188 509 217 559 “
232 538 355 587 remus.
405 516 473 587 Sed
506 537 544 588 ut
573 516 725 590 amicitia
757 516 964 614 societasque
992 517 1107 591 nostra
1131 518 1167 590 in

187 643 214 678 “
233 657 402 709 aetetnurn
415 658 489 709 rata
505 640 557 733 srt,
577 636 791 734 postulamus
803 663 823 716 a
837 636 952 726 tobis,
964 662 1088 709 muros
1106 665 1166 713 co·
1194 677 1198 681 «
1251 714 1254 715 ⁷

188 764 217 799 “
235 757 351 846 loniae,
381 757 602 830 munimenta
624 756 766 847 servitii,
797 755 996 830 detrahatis.
1048 758 1185 831 Etiam

187 885 215 921 “
233 875 305 951 sera
332 879 509 966 animalia,
538 876 689 951 srclausa
712 899 840 968 teneas,
864 878 998 951 virtutis
1024 879 1167 952 oblivis-

187 1005 215 1040 “
233 1021 370 1073 cuntur.
433 1002 617 1071 Romanos
645 1024 780 1086 omnes,
810 998 846 1070 in
876 999 1004 1072 sinibus
1021 999 1165 1090 ¹vestriS,

187 1125 214 1161 “
233 1117 432 1191 trucidetis:
460 1117 554 1190 haud
571 1110 669 1191 sacili
694 1119 847 1207 libertas,
875 1119 1062 1191 &domini
1086 1119 1164 1192 mis-

187 1247 214 1332 ‘f
233 1262 364 1312 centur.
376 1224 393 1261 ‘⁴
406 1241 501 1310 Bona
514 1238 786 1328 interfectorum,
804 1240 839 1311 in
853 1240 1009 1313 medium
1027 1243 1165 1331 cedant,

184 1359 370 1455 “nequis
395 1362 554 1433 occulere
575 1361 782 1459 quidquam,
804 1381 863 1432 aut
880 1359 1058 1459 segregare
1082 1388 1165 1436 cau·

186 1487 213 1521 “
231 1478 301 1552 sam
324 1479 419 1553 suam
437 1484 546 1577 possit.
596 1481 719 1554 Liceat
737 1481 835 1554 nobis
853 1480 1019 1580 vobisque
1036 1505 1167 1556 utram·

186 1608 214 1642 “
234 1627 303 1698 que
329 1602 439 1697 ripam
469 1604 595 1690 colere,
626 1623 665 1675 ut
688 1602 773 1675 olim
803 1600 990 1699 majoribus
1014 1604 1162 1690 nostris:

184 1724 411 1819 “quomodo
439 1725 553 1797 lucem
571 1723 737 1820 diemque
766 1723 927 1797 omnibus
950 1724 1165 1814 hominibus,

185 1851 211 1887 “
230 1834 276 1915 ita
288 1869 411 1918 omnes
424 1865 527 1918 terras
545 1843 689 1918 sortibus
700 1833 780 1916 viris
791 1865 911 1916 natura
925 1846 1068 1942 aperuit.
1106 1848 1164 1918 ln-

186 1971 214 2007 “
234 1964 351 2038 stitnta
387 1967 592 2062 cultumque
625 1964 775 2061 patrium
808 1963 982 2056 resumite,
1012 1967 1167 2064 abruptis

183 2093 209 2128 “
229 2085 479 2182 voluptatibus,
495 2086 622 2182 quibus
636 2085 791 2159 Romani
811 2087 889 2181 plus
904 2074 1069 2160 adversus
1086 2085 1165 2161 sub·

182 2214 209 2250 “
221 2205 346 2305 jesses,
372 2210 480 2305 quam
498 2207 602 2279 armis
624 2206 765 2279 valent:
789 2208 935 2277 sincerus
958 2211 990 2278 δι
1015 2206 1163 2304 integer,

181 2336 208 2370 “
228 2333 261 2400 sc
274 2328 443 2401 servitutis
460 2329 589 2402 oblitus
607 2329 771 2425 populus,
789 2347 848 2399 aut
860 2351 905 2400 ex
921 2350 1023 2422 aequo
1039 2326 1163 2422 agetis,

181 2454 285 2521 “aut
309 2448 382 2519 aliis
408 2448 683 2544 irnperitabitis.”
1196 2439 1198 2443 ¹

230 2567 346 2641 LXV.
390 2573 728 2660 Aontrnrunttsss,
766 2568 905 2666 sumpto
946 2565 1163 2640 consultandi
1227 2559 1233 2569 ‘

180 2686 464 2785 spatio,‘q‘uando
482 2715 596 2786 neque
617 2688 729 2763 subire
747 2690 962 2766 conditiones
981 2708 1093 2761 metus
1108 2686 1163 2759 su-

180 2808 261 2897 turi,
277 2833 390 2905 neque
404 2811 519 2905 palam
536 2809 704 2906 aspernari
730 2811 885 2884 conditio
909 2808 1052 2907 praesens
1078 2812 1161 2882 sme-

181 2930 266 3002 bat:
299 2928 334 3001 in
359 2931 452 3004 hunc
470 2931 618 3002 modum
643 2929 866 3028 respondent:
890 2940 916 2974 “
935 2936 1024 3029 Qrae
1053 2929 1165 3027 prima
1258 2944 1259 2948 ’

182 3049 395 3123 “libertatis
417 3049 560 3125 sacultas
584 3052 666 3126 data
691 3052 751 3141 est,
777 3051 926 3143 avidius,
957 3051 1065 3148 quim
1082 3077 1164 3124 cau·

181 3179 209 3216 “
228 3171 296 3245 tius
318 3170 536 3268 sumpsimus,
566 3193 605 3245 ut
626 3171 727 3246 vobis
753 3169 939 3268 ceterisque
964 3171 1162 3260 Germanis,

163 3302 209 3395 ·“
228 3291 491 3392 consanguineis
519 3291 652 3381 nostris,
678 3290 918 3390 jungeremur.
969 3294 1096 3365 Muros
1113 3293 1161 3365 ci-

180 3423 207 3461 “
226 3415 354 3505 vitatis,
380 3413 672 3512 congregantibus
696 3412 729 3485 se
750 3413 833 3486 clim
851 3410 1002 3485 maxime
1028 3417 1161 3488 Roma-

181 3545 208 3581 “
226 3563 351 3612 norum
369 3533 590 3622 exercitibus,
609 3558 735 3631 augere
753 3531 866 3622 nobis,
886 3531 993 3630 quim
1010 3534 1158 3620 diruere,

181 3663 208 3699 “
227 3658 331 3732 tutius
348 3658 408 3733 est.
458 3656 493 3731 Si
512 3653 572 3753 qui
591 3679 637 3728 ex
665 3652 774 3745 ltalil,
800 3658 858 3727 aut
877 3655 1077 3753 provinciis,
1097 3652 1173 3740 ali-¹

183 3784 211 3820 “
229 3761 384 3878 eltigenae
410 3777 446 3852 in
472 3776 600 3852 finibus
626 3774 748 3849 nostris
773 3773 922 3868 fuerant,
949 3802 1007 3849 eos
1029 3775 1162 3848 bellum

620 3900 706 3988 Ut
