2820 4694
391 240 392 250 r
439 192 486 256 Ἰ

269 347 339 418 282
461 343 804 441 ecorum
848 336 1047 419 Tnctrr

267 519 391 594 statim>
408 521 649 595 obtruncatur:
685 548 748 595 nec
777 521 889 595 multi)
913 520 1002 619 post,
1029 519 1105 612 Piso
1132 518 1240 594 intem

268 640 389 713 ficitur.
444 641 608 738 Namque
649 643 778 730 aderat,
812 642 871 740 qui
907 621 1070 731 nosceret,
1112 641 1240 717 Bebius

265 761 391 858 Massa,
420 785 439 832 e
456 762 735 856 procuratoribus
752 760 892 851 Africa,
910 761 983 860 jam
1000 783 1084 834 tunc
1101 760 1238 857 optimo

266 879 393 977 cuique
408 879 579 971 exitiosus,
607 887 639 954 δι
658 881 691 953 in
709 881 823 955 causas
844 884 1025 970 malorum,
1055 908 1133 978 quae
1151 905 1238 952 mox

264 999 423 1089 tulimus,
451 998 572 1096 saepius
590 1001 771 1073 rediturus.
813 1002 929 1075 Festus
948 1003 1155 1089 Adrumeto,
1174 1000 1237 1072 ubi

265 1118 542 1217 speculabundus
568 1117 766 1208 substiterat,
795 1123 839 1194 ad
857 1121 1030 1219 legionem
1048 1121 1236 1209 contendit,
1340 1210 1342 1214 ι

267 1239 538 1339 praeseelumque
549 1239 748 1329 castrorum,
763 1242 965 1313 Cetronium
976 1241 1148 1336 Pisanum,
1161 1242 1238 1312 vin-

267 1359 327 1434 ciri
351 1358 455 1457 jussit,
486 1359 636 1455 proprias
665 1363 712 1432 ob
739 1362 925 1433 simultates
940 1390 950 1447 ;
976 1361 1034 1434 sed
1061 1371 1087 1402 “
1115 1359 1242 1432 Pisonis
1313 1457 1315 1467 .

269 1488 297 1522 “
315 1479 516 1553 satellitem’'
545 1481 714 1552 vocabat:
748 1481 941 1579 militesque
969 1486 1001 1553 bt
1030 1482 1244 1553 centuriones

267 1601 437 1698 quosdam
467 1599 591 1697 puniit,
616 1600 700 1672 alios
719 1601 866 1696 praemiis
894 1599 1047 1674 adfecit:
1081 1621 1243 1672 neutrum

267 1746 312 1793 ex
337 1721 474 1808 merito,
505 1718 561 1792 sed
590 1740 629 1792 ut
655 1723 849 1816 oppreffiss'e
877 1722 1008 1792 bellum
1037 1720 1239 1791 crederetur.

266 1841 360 1914 Mox
377 1842 564 1911 Oeensium
582 1839 920 1938 Leptitanorumque
935 1839 1119 1914 discordias
1141 1864 1239 1911 com-

265 1957 379 2056 ponit,
397 1984 488 2055 quae‚
512 1979 612 2054 raptu
629 1958 771 2058 frugum
791 1966 824 2032 bc
842 1985 1009 2058 pecorum
1028 1961 1115 2032 inter
1130 1956 1243 2057 agres-

266 2101 330 2167 tes,
359 2068 504 2150 modicis
522 2077 713 2176 principiis,
736 2078 810 2175 jam
830 2104 999 2176 perarma
1020 2100 1126 2176 atque
1151 2078 1242 2151 acies

265 2193 524 2273 exercebantur.
560 2201 654 2272 Nam
671 2186 818 2297 populus
834 2202 984 2287 Oeensts,
1012 2199 1237 2272 multitudine

267 2320 420 2411 inferior,
450 2323 674 2393 Garamantas
703 2320 891 2409 exciverat,
919 2341 1057 2418 gentem
1086 2317 1237 2390 indomi-

268 2463 353 2530 tam,
376 2432 515 2515 &inter
530 2443 665 2514 accolas
685 2440 870 2514 latrociniis
887 2438 1083 2514 fecundam.
1130 2438 1240 2511 Unde

267 2566 368 2636 arslae
386 2561 578 2659 Leptitauis
607 2542 681 2650 res,
703 2562 841 2658 lateque
862 2559 998 2634 vastatis
1023 2558 1126 2658 agris,
1152 2557 1243 2630 intra

266 2683 398 2758 moenia
425 2674 665 2780 trepidabant:
697 2682 810 2754 donec
829 2681 1022 2755 interventu
1046 2679 1244 2755 cohortium

264 2807 466 2902 alarumque
482 2802 543 2878 fust
556 2805 795 2889 Garamantes,
815 2807 848 2875 &
868 2823 1005 2898 recepta
1023 2801 1136 2911 omnis
1155 2826 1242 2897 prae-

195 2912 200 2925 ’
265 2927 324 3015 da,
351 2922 543 3023 uinquam
570 2921 649 3018 vagi
668 2946 727 3026 per
750 2920 917 2995 inaccessa
944 2922 1133 3020 mapalium
1157 2922 1243 2994 ulte·

266 3046 414 3118 rioribus
432 3044 670 3116 vendiderant.

315 3167 379 3237 Ll.
405 3172 464 3238 Ar
495 3162 708 3260 Vespasiano
741 3160 817 3258 post
846 3160 1116 3236 Cremonensem
1151 3188 1241 3259 pug-

266 3308 361 3370 nam,
377 3289 410 3358 &
429 3284 606 3381 prosperos
622 3283 778 3378 undique
794 3280 947 3370 nuntios,
968 3290 994 3324 “
1009 3283 1164 3356 cecidisse
1178 3283 1236 3352 Vi-

269 3402 614 3491 “tellitim,'’1nulti
642 3401 802 3502 cujusque
830 3403 970 3492 ordinis,
1002 3403 1074 3501 pari
1096 3401 1240 3474 audaciai

268 3524 472 3618 fortunisque
500 3524 683 3597 hibernum
711 3550 806 3598 mare
832 3526 989 3621 adgreffi,
1026 3519 1240 3593 nuntiavere.

269 3646 425 3720 Aderant
443 3643 545 3736 legati
560 3645 647 3740 regis
665 3647 840 3742 Vologesi,
867 3652 894 3686 “
912 3639 1140 3740 quadraginta
1158 3644 1240 3713 Par·

269 3777 297 3812 “
315 3770 454 3852 thorum
467 3763 623 3858 equitum
637 3766 766 3839 millia'’
784 3767 976 3840 offerentes.
1004 3761 1244 3860 Magnificum
1347 3766 1348 3769 ’
