2766 4658
294 342 996 435 DrnroousnnOnnronrnur.
1095 380 1141 456 33
1250 428 1251 437 Ν

166 547 247 607 tum
263 534 311 608 ab
323 533 519 634 eloquentis
539 557 660 607 eorum
677 533 909 608 recesserimus
919 564 931 621 ;
957 558 1040 609 cum
1058 557 1145 632 prae·
1239 632 1241 639 ,

165 651 280 733 sertim
303 673 443 729 centum
471 658 505 727 ἃ
533 652 662 753 viginti
686 679 796 727 annos
818 657 865 730 ab
888 655 1029 730 interitu
1045 654 1147 729 Cice·

164 774 259 850 ronis
273 774 312 848 in
326 777 420 849 hunc
436 773 531 848 diem
552 773 644 847 effici
667 772 755 848 ratio
771 792 977 873 temporum
993 776 1146 874 college-

164 913 221 966 nt.
616 989 618 991 ‚

107 1055 110 1058 ’
214 1012 333 1109 XXV,
357 1015 454 1087 Tou
474 1012 630 1108 Meffala:
654 1015 823 1112 Sequara
846 1033 881 1088 te
910 1015 1148 1114 praescriptam
1178 1010 1189 1058 ⁸
1221 1002 1224 1016 ¹

163 1130 332 1223 formam,
359 1134 545 1208 Materne:
571 1159 686 1233 neque
703 1132 798 1207 enim
822 1133 884 1207 diu
909 1135 1147 1210 contradicen-

165 1253 255 1326 dum
276 1251 327 1326 est
348 1256 461 1352 Apro,
486 1252 548 1352 qui
572 1253 741 1352 primirm‚
770 1273 810 1328 ut
830 1254 969 1353 opinor,
997 1255 1150 1329 nominis

164 1376 434 1449 controverfiam
449 1375 577 1466 movit,
590 1395 771 1474 tamquam
785 1399 910 1474 parum
927 1374 1069 1474 proprie
1086 1401 1148 1449 an-

165 1493 259 1599 tiqui
281 1516 500 1587 vocarentur,
527 1521 615 1596 quos
637 1496 714 1570 satis
738 1496 870 1571 constat
901 1516 981 1570 ante
1006 1515 1151 1571 centurn

87 1598 93 1618 ⁸
163 1639 274 1689 annos
285 1615 401 1692 finire.
440 1616 537 1692 Mihi
553 1636 672 1691 autem
688 1616 734 1691 de
750 1618 922 1692 vocabulo
939 1643 1058 1717 pugna
1074 1642 1148 1692 non

60 1742 65 1751 '
162 1735 227 1827 est,
247 1739 315 1811 srve
337 1736 415 1812 illos
431 1737 606 1837 antiquos,
630 1742 698 1812 five
722 1735 881 1836 majores,
910 1741 979 1813 five
995 1763 1067 1836 quo
1082 1738 1152 1812 alio

164 1860 304 1931 mavult
324 1858 484 1949 nomine,
512 1860 685 1958 appellet:
716 1858 912 1934 dummodo
939 1859 975 1932 in
998 1857 1152 1934 confeffo

139 2029 142 2039 ·
164 1979 220 2067 srt,
249 1976 514 2054 eminentiorem
537 1979 678 2054 illorum
696 2000 897 2078 temporum
915 1978 1152 2078 eloquentiam

162 2095 272 2172 fuisse.
322 2101 382 2174 Ne
397 2099 449 2173 illi
467 2099 613 2199 quidem
631 2099 719 2198 parti
736 2099 901 2173 sermonis
924 2097 996 2196 ejus
1018 2087 1151 2199 repug-

161 2242 225 2308 n0,
259 2223 284 2294 sr
316 2220 507 2317 quominus
542 2217 679 2307 fatetur,
708 2218 823 2315 plures
847 2217 976 2292 formas
1008 2219 1152 2292 dicendi
1199 2280 1201 2283 ,

54 2324 57 2327 “
106 2383 109 2388 =
161 2339 268 2413 etiam
293 2337 415 2411 iisdem
438 2323 585 2427 saeculis,
620 2336 754 2409 nedum
785 2337 939 2428 diversrs,
974 2337 1150 2413 exstitisse.

162 2459 232 2531 Sed
260 2456 444 2553 quomodo
471 2454 562 2530 inter
589 2455 727 2531 Atticos
751 2478 901 2532 oratores
924 2457 1047 2556 primae
1075 2462 1149 2534 De-

163 2576 338 2652 mostheni
353 2576 569 2667 tribuuntur,
587 2576 791 2678 proximum
803 2599 921 2654 autem
935 2581 1053 2654 locum
1068 2579 1150 2670 AEs-
1186 2571 1189 2583 ¹

161 2698 296 2788 chines,
323 2701 360 2771 δι
375 2682 592 2796 Hyperides,
612 2701 646 2771 δι
663 2699 797 2796 Lysias,
822 2704 857 2774 r:
872 2702 1060 2800 Lycurgus
1083 2703 1149 2776 ob·

139 2819 292 2912 'tinent,
326 2818 488 2894 omnium
519 2838 637 2895 autem
671 2818 835 2895 consensu
866 2821 942 2894 haec
970 2840 1150 2896 oratorum

43 3032 44 3035 Ἴ
162 2960 245 3016 aetas
269 2937 424 3013 maxime
442 2940 631 3038 probatur:
663 2943 708 3015 src
724 2941 819 3039 apud
843 2966 907 3014 nos
927 2939 1054 3015 Cicero
1070 2940 1148 3040 qui-

58 3107 68 3115 ·
159 3061 246 3134 dem
273 3079 403 3134 ceteros
423 3062 629 3136 eorumdem
656 3081 857 3160 temponrm
881 3057 1023 3134 disertos
1052 3082 1149 3137 ante·

160 3182 274 3283 cessit:
294 3181 424 3256 Calvus
440 3201 572 3276 autem,
587 3184 626 3256 &
642 3183 795 3274 Asinius,
816 3187 850 3257 ὅτ
867 3174 992 3273 Caesar,
1011 3186 1046 3256 ὅτ
1063 3184 1149 3259 Coe-

161 3298 244 3390 lius,
264 3305 299 3375 rc
313 3303 452 3394 Brutus,
468 3301 529 3378 suo
539 3301 635 3402 jure,
655 3308 689 3378 δι
708 3302 898 3402 prioribus,
921 3307 957 3376 ’δι
975 3302 1148 3402 sequenti·

161 3421 228 3496 bus
240 3440 524 3521 anteponuntur:
549 3448 615 3498 nec
630 3420 752 3514 refert,
764 3422 861 3523 qudd
878 3424 965 3498 inter
980 3424 1013 3498 se
1036 3423 1150 3524 specie

160 3540 337 3634 differant,
377 3544 466 3619 cum·
494 3542 622 3644 genere
655 3543 879 3619 consentiant.
944 3545 1150 3620 Adstridior

38 3690 40 3699 ⁴
160 3660 308 3755 Calvus,
343 3669 555 3741 numerosior
583 3666 737 3756 Asmius,
775 3663 990 3765 splendidior
1016 3662 1143 3754 Caesar,

160 3782 310 3863 amarior
329 3786 477 3882 coelius,
502 3786 640 3893 gravior
664 3789 802 3882 Brutus,
836 3784 1088 3879 vehementior,
1113 3788 1148 3865 δι
1230 3831 1233 3837 ·

229 3933 237 3940 ·
635 3907 675 3986 D
