2820 4694
247 382 320 430 :zo
450 354 493 428 C.
533 356 799 428 Conuenit
842 355 1046 429 Tncrrt

246 537 275 570 “
293 528 364 600 trie
381 525 554 600 inferetis?
604 531 737 602 Horret
754 527 890 601 animus
904 528 989 627 tanti
1002 527 1123 626 flagitii
1136 527 1226 601 ima-

247 658 276 690 “
295 649 385 747 gine.
435 649 559 720 Turori
576 650 731 720 Tretero
746 671 894 746 agentur
910 648 1098 722 excubia?
1144 648 1223 746 Sig-

247 779 381 841 “num
411 770 493 841 belli
519 772 669 841 Ratarus
697 769 795 841 dabit
811 773 837 860 ἒ,
874 758 1133 847 Germanorum
1165 794 1224 842 ca-

246 898 273 932 “
293 912 405 962 terras
428 889 656 987 supplebitis?
683 890 761 987 quis
782 889 908 962 deinde
928 890 1059 963 sceleris
1082 888 1222 961 exitus?

245 1020 272 1053 “
291 1012 377 1084 ciun
390 1014 563 1084 Romanae
585 1011 738 1107 legiones
750 1011 869 1083 contri
883 1000 1094 1083 direxerint:
1115 1007 1223 1082 trans-

245 1140 273 1174 “
291 1134 386 1228 fugae
409 1157 429 1204 e
449 1130 648 1228 transfugis,
676 1135 709 1202 a
730 1131 958 1227 proditorese
981 1129 1222 1228 proditoribus,

245 1259 272 1294 “
292 1253 381 1324 inter
414 1278 534 1325 recens
566 1255 599 1323 &
630 1273 729 1324 vetus
757 1252 1005 1325 sacramentum
1033 1252 1129 1325 invisi
1154 1251 1226 1324 deis

244 1381 271 1416 “
291 1372 477 1458 errabitis?
529 1374 597 1460 Te,
616 1373 756 1469 Jupiter
766 1375 913 1470 optime,
933 1373 1101 1462 maxime,
1121 1398 1227 1470 quem
1277 1405 1279 1409 ’

244 1500 271 1536 “
290 1493 586 1591 per'mlingentos
600 1493 725 1589 viginti
741 1519 849 1565 annos
863 1515 914 1566 tot
930 1493 1117 1591 triumphis
1133 1494 1228 1566 colu·

240 1622 268 1657 “
288 1616 378 1685 imus
385 1642 396 1698 3
416 1633 463 1701 te,
478 1612 638 1708 Qirine,
654 1617 827 1686 Romanae
840 1639 961 1710 parens
973 1613 1093 1701 Urbis,
1108 1637 1230 1709 precor

241 1741 268 1775 “
288 1756 516 1826 venerorque,
540 1753 577 1802 ut
596 1737 617 1803 fi
638 1733 739 1805 vobis
760 1761 832 1806 non
850 1733 914 1806 fuit
931 1733 1043 1823 cordi,
1061 1759 1118 1805 me
1134 1735 1226 1806 duce

239 1859 266 1894 “
285 1853 358 1923 haec
382 1850 492 1921 castra
518 1850 717 1945 incorrupta
742 1858 776 1925 &
806 1853 1009 1927 intemerata
1031 1852 1164 1944 servari,
1191 1874 1226 1926 at

237 1978 265 2014 “
283 1969 374 2045 certe
406 1968 516 2066 pollui
542 1968 737 2066 foedarique
758 1997 779 2041 a
801 1974 936 2045 Tutore
959 1976 1159 2048 &Classico
1182 1999 1227 2045 ne

238 2100 266 2135 “
286 2090 410 2165 finatis.
472 2090 648 2163 Militibus
681 2091 852 2165 Romanis
886 2113 945 2164 aut
984 2093 1225 2166 innocentiam

240 2220 267 2256 “
278 2211 389 2306 detis,
403 2232 462 2284 aut
481 2214 667 2303 matulam,
683 2192 715 2285 a
734 2217 802 2285 sine
819 2216 909 2285 noxal
923 2213 1198 2309 paenitentiam.’'

289 2335 389 2408 LIX.
416 2332 547 2405 vaur
563 2379 564 2383 =
580 2356 726 2431 excepta
755 2333 863 2406 oratio
885 2333 971 2406 inter
1002 2334 1115 2432 spem,
1145 2359 1223 2408 me-

237 2461 398 2553 tumque,
433 2480 472 2527 ac
502 2439 686 2551 pudorem.
741 2454 941 2552 Digressum
968 2457 1157 2544 Voculam,
1189 2461 1225 2530 ἃ

239 2580 285 2650 de
318 2576 486 2674 supremis
519 2576 725 2675 agitantem,
770 2576 883 2673 liberti
915 2574 1073 2675 servique
1106 2577 1225 2674 prohi-

205 2778 208 2787 ,
237 2703 343 2773 ὺυέῑε
359 2698 755 2772 foediffintammortem
776 2690 897 2794 sponte
923 2697 1122 2796 praevenire.
1176 2700 1226 2771 Et

239 2822 418 2910 Classicus,
447 2819 545 2892 millo
569 2817 720 2892 AEmilio
741 2818 925 2918 Longin0,
953 2819 1124 2892 desertore
1153 2820 1225 2917 pri-

238 2969 305 3015 mae
325 2940 486 3040 legionis,
511 2940 644 3011 caedem
663 2938 733 3037 ejus
753 2938 947 3012 maturavit.
998 2940 1225 3018 Herennium

241 3065 505 3152 &Numisium
526 3063 672 3159 legatos,
692 3060 828 3150 vinciri,
849 3058 924 3132 satis
939 3056 1063 3132 visum.
1114 3060 1223 3152 Dein,
1314 3053 1317 3060 ¹

239 3179 382 3278 sumptis
400 3181 555 3254 Romani
581 3180 715 3281 imperii
743 3179 949 3278 insignibus,
972 3180 1008 3251 in
1032 3179 1139 3253 castra
1161 3205 1222 3252 ve·

238 3299 301 3370 nit.
351 3303 429 3374 Nec
458 3302 523 3393 illi,
559 3292 773 3399 quamquam
798 3301 844 3374 ad
867 3326 972 3373 omne
996 3300 1128 3375 facinus
1153 3301 1220 3370 du-

238 3440 327 3508 rato,
351 3424 458 3493 verba
487 3422 576 3495 ultra
600 3421 878 3519 suppeditavere,
909 3424 1017 3520 quarn
1045 3442 1083 3494 ut
1108 3418 1220 3492 sacra-

239 3560 399 3618 mentum
422 3542 586 3613 recitaret.
638 3545 805 3638 Juravere
830 3545 890 3640 qui
918 3543 1073 3630 aderant,
1105 3546 1224 3637 “pro

207 3673 266 3772 J‘
287 3657 435 3758 imperio
465 3661 700 3734 Galliarurn.’'
734 3662 1022 3746 interfectorem
1056 3663 1220 3753 Voculae,

237 3786 311 3859 altis
324 3777 516 3867 ordinibus,
534 3799 680 3873 ceteros,
701 3805 739 3857 ut
755 3783 901 3883 quisque
917 3783 1089 3883 flagitium
1112 3808 1221 3856 nava-
