2820 4694
257 383 328 436 210
447 339 1057 464 ,ocormrnriem

260 534 363 633 sape,
389 534 497 633 quim
521 536 608 610 ratio
636 535 759 611 adfuit.
809 538 971 613 Obvium
989 536 1061 611 illic
1079 532 1244 612 Petilium

130 706 132 712 -
258 654 429 747 Cerialem
453 644 619 747 habuere,
642 658 766 755 agresti
790 660 901 751 cultu,
935 663 970 732 &
997 655 1121 731 notitil
1143 658 1241 730 loco·

260 800 340 849 rum
363 774 533 850 custodias
555 776 686 850 Vitellii
711 776 875 876 elapsum.
926 779 1131 877 Propinqua
1156 775 1244 850 adli·

139 925 158 966 ,·
259 896 346 969 nitas
374 895 501 998 Ceriali
532 921 616 969 eum
633 895 852 994 Vespasiano,
883 922 947 972 nec
974 898 1046 997 ipse
1072 895 1242 996 inglorius

258 1017 416 1102 militiae;
439 1010 558 1112 'eoque
576 1015 665 1098 inter
680 1018 788 1091 duces
800 1017 1002 1116 adsumptus
1015 1017 1073 1092 est.
1117 1024 1144 1060 “
1162 1017 1192 1090 F
1194 1018 1243 1101 la,

260 1145 288 1181 “
307 1137 366 1210 vio
383 1160 526 1234 quoque
548 1136 693 1227 Sabino,
710 1162 750 1211 ac
767 1137 972 1211 Domitiano
989 1138 1132 1235 patuille
1155 1137 1242 1209 effu·
1294 1176 1304 1182 »

262 1265 291 1302 “
312 1256 449 1356 gium,’'
475 1256 578 1329 multi
595 1254 782 1330 tradidere.
832 1258 879 1330 Et
901 1255 989 1330 miffi
1016 1262 1061 1332 ab
1086 1255 1244 1330 Antonio

261 1375 389 1466 nuntii,
416 1398 478 1472 per
494 1374 606 1448 varias
624 1374 765 1450 fallendi
777 1399 865 1451 artes
882 1380 1124 1476 penetrabant,
1146 1385 1173 1419 ⁴⁴
1192 1379 1243 1449 lo·

262 1505 290 1541 “
310 1521 445 1570 cumae
459 1495 682 1593 praefidium'’
704 1497 942 1571 monstrantes.
977 1497 1124 1571 Sabinus
1142 1505 1169 1540 “
1190 1495 1242 1572 io·

262 1625 290 1664 “
308 1616 461 1691 habilem
479 1616 589 1690 labori
618 1622 652 1692 u
680 1618 833 1691 audacia
850 1616 1111 1691 valetudinem”
1128 1615 1244 1689 causa·

261 1742 386 1813 baturr
425 1735 632 1810 Domitiano
656 1739 775 1810 aderat
801 1737 963 1810 animus:
996 1737 1053 1810 sed
1083 1735 1242 1810 custodes

164 1847 167 1866 ’
262 1856 442 1932 aVitellio
468 1856 592 1947 additi,
624 1881 840 1954 quamquam
870 1863 896 1899 ‘⁶
921 1855 954 1930 se
982 1857 1089 1930 socios
1123 1853 1242 1954 fugae”

263 1976 517 2078 promitterent,
531 1996 710 2075 tamquam
721 1976 915 2051 insidiantes
923 1978 1149 2050 timebantur.
1176 1980 1243 2047 At·

262 2123 332 2199 que
343 2096 415 2196 ipse
427 2095 601 2186 Vitellius,
615 2095 768 2195 respectu
786 2097 922 2171 suarum
935 2088 1241 2184 necellrtutlirrum,

261 2221 350 2294 nilril
368 2220 403 2292 in
421 2216 668 2290 Domitianum
679 2237 785 2307 ‚atrox
803 2220 952 2316 parabat.
1001 2251 1003 2257 ·

309 2343 393 2415 LX.
419 2342 557 2413 Duces
568 2338 725 2436 ‚partium
738 2359 775 2412 ut
786 2336 941 2411 Carsulas
957 2339 1096 2426 venere,
1114 2355 1243 2434 paucos

262 2460 479 2560 adrequiem
496 2458 569 2533 dies
598 2459 750 2550 sumunt,
777 2461 892 2533 donec
913 2459 1052 2558 aquile,
1077 2461 1246 2554 lignaque

261 2584 442 2683 legionum
467 2579 760 2678 adsequerenturz
792 2585 826 2654 δι
846 2582 943 2654 locus
959 2577 1027 2678 ipse
1052 2577 1247 2651 castrorum

262 2706 435 2802 placebat,
449 2700 514 2775 late
533 2699 768 2798 prospectans,
795 2720 872 2774 tuto
884 2700 1064 2799 copiarum
1080 2695 1244 2795 aggestu,

260 2822 503 2900 florentiffimis
520 2845 611 2919 pone
636 2808 776 2922 tergum
795 2807 1019 2919 municipiis:
1044 2820 1143 2891 fimo-l
1161 2839 1245 2890 con·

262 2946 382 3043 loquio
406 2969 490 3017 curn
506 2940 712 3032 Vitellianis,
729 2943 853 3016 decem
871 2941 1022 3014 millium
1046 2937 1155 3037 spatio
1179 2934 1246 3009 dis-

260 3065 426 3153 tantibus,
457 3066 491 3135 &
519 3063 669 3161 proditio
693 3062 903 3160 sperabatur.
963 3061 1076 3158 AEgre
1107 3060 1143 3132 id
1173 3056 1244 3154 pati

263 3184 428 3273 miles,&
452 3182 631 3256 victoriam
648 3183 765 3274 malle,
795 3183 904 3280 quim
931 3206 1080 3279 pacem:
1104 3205 1149 3253 ne
1172 3177 1246 3251 suaa

264 3303 407 3401 quidem
425 3303 581 3403 legiones
598 3302 879 3401 opperiebantur,
909 3322 950 3375 ut
968 3304 1110 3400 praedae,
1134 3296 1245 3398 quim

264 3423 498 3522 periculorum
524 3423 641 3497 socias.
692 3422 843 3496 Vocatos
864 3424 909 3496 ad
935 3422 1140 3496 concionem
1164 3423 1243 3491 An-

262 3542 376 3619 tonius
392 3542 527 3632 docuit,
559 3546 671 3617 “effe
699 3544 815 3617 adhuc
838 3543 979 3616 Vitellio
1001 3543 1104 3632 vires,
1129 3535 1245 3614 ambi-

264 3675 290 3711 “
310 3685 408 3763 guas,
428 3663 450 3731 fi
467 3661 711 3754 deliberarent,
728 3689 836 3754 acres,
855 3666 878 3737 fi
894 3661 1133 3760 desperarent.
1175 3664 1247 3736 lni-

263 3795 290 3832 ‘l‘
308 3785 360 3860 tia
376 3781 555 3884 bellorum·
566 3778 726 3857 civilium
747 3782 894 3860 fortuna
907 3783 1153 3882 permittenda,
1172 3782 1248 3860 vic·
