2766 4658
226 357 296 433 332
376 329 379 338 '
461 304 1036 424 C.C0n,nnn1'1Tnc1r1

225 516 253 551 “
273 507 339 606 gis,
371 508 478 604 qulm
504 509 630 606 proelio
654 535 742 606 opus
767 512 844 582 effe.
894 509 1074 587 Pauciores
1095 533 1214 605 nuper

226 637 254 693 ‘fi
273 655 354 702 cum
368 629 522 724 pluribus
536 632 686 703 certaffe:
706 655 747 702 ac
760 615 874 707 tamen
891 628 982 703 fusos
994 631 1206 717 Germanos,

225 758 253 794 “
273 748 648 848 quodsroborisfuerit.
685 752 883 847 Superesse,
910 749 970 846 qui
990 749 1112 846 fugam
1130 749 1206 820 ani-

225 878 252 919 “
272 871 351 959 mis,
371 869 593 967 quivulnera
610 891 723 968 terg0,
748 870 891 943 ferant.'’
940 869 1102 966 Proprios
1123 869 1209 941 inde

129 1052 157 1096 ·,
222 991 379 1064 stimulos
397 991 595 1088 legionibus
614 993 839 1080 admovebat,
868 999 895 1033 “
915 990 1101 1064 domitores
1128 988 1204 1061 Bri-

168 1153 173 1163 *
224 1122 252 1156 “
271 1113 399 1185 tanniae
426 1112 773 1208 quartadecimanos”
791 1114 981 1208 appellans.
1031 1118 1057 1152 ‘⁴
1075 1109 1207 1182 Princi-

223 1241 251 1278 “
272 1259 352 1330 pem
367 1234 534 1322 Galbam,
553 1232 655 1304 sextae
675 1233 819 1330 legionis
837 1230 1206 1304 aucloritatefaelum:

224 1362 252 1399 “
272 1355 329 1426 illa
340 1353 491 1450 primum
508 1353 581 1425 acie
599 1351 811 1427 secundanos
824 1379 917 1425 nova
933 1356 1041 1450 signa,
1060 1377 1210 1425 novam·

225 1482 254 1523 “
274 1498 343 1572 que
374 1473 524 1570 aquilam
550 1474 763 1547 dicaturos.’'
813 1474 914 1548 Hinc
944 1474 1139 1570 praeveelus
1165 1472 1213 1545 ad

223 1594 474 1669 Germanicum
508 1594 715 1682 exercitum,
751 1617 873 1666 manus
901 1595 1081 1683 tendebat,
1118 1600 1213 1665 “ut

224 1724 253 1760 “
271 1714 366 1788 suam
388 1716 512 1814 ripam,
536 1715 599 1788 -sua
624 1716 730 1789 castra
755 1714 918 1813 sanguine
943 1713 1094 1791 hostium
1120 1713 1208 1787 reci-

225 1844 253 1880 “
272 1839 466 1932 perarentss'*
515 1836 679 1909 Alacrior
700 1836 860 1908 omnium
877 1837 1022 1923 clamor,
1051 1836 1131 1932 quls
1152 1838 1211 1908 vel

222 1957 364 2055 elonga
387 1982 470 2054 pace
498 1956 612 2052 proelii
638 1958 779 2054 cupido,
806 1960 862 2030 vel
887 1956 973 2030 feffis
1003 1959 1096 2030 bello
1114 1957 1212 2053 pacis

222 2102 333 2165 amor,
348 2077 606 2174 praemiaque&
624 2077 720 2174 quies
733 2079 769 2150 in
788 2079 963 2174 posterum
975 2076 1209 2174 sperabantur.

175 2235 177 2240 ·
271 2199 387 2273 XVll.
413 2200 500 2273 Nec
529 2200 650 2273 Civilis
674 2203 829 2272 silentem
860 2198 976 2273 struxit
1003 2196 1128 2285 aciem,
1151 2196 1206 2269 lo-

113 2367 115 2373 .
223 2339 306 2394 cum
324 2345 452 2417 pugnae
469 2320 588 2393 testem
607 2320 742 2392 virtutis
760 2319 877 2393 ciens:
906 2328 932 2382 5‘
952 2322 1042 2392 Stare
1058 2319 1207 2389 Germa·

222 2450 250 2485 “
269 2468 332 2515 nos
344 2440 556 2538 Batavosque
568 2439 667 2536 super
679 2441 822 2538 vestigia
835 2440 966 2540 gloriae,
979 2439 1108 2513 cineres
1121 2441 1212 2511 offa-

222 2567 252 2614 “
269 2588 338 2660 que
353 2560 532 2658 legionum
551 2563 744 2634 calcantes:
761 2587 987 2659 quocumque
1000 2561 1119 2634 oculos
1131 2563 1210 2635 Ro-

222 2693 251 2728 “
271 2710 393 2756 manus
407 2682 1123 2778 intenderet,captivitatem,clademque81
1138 2681 1219 2760 dira

222 2813 250 2847 “
268 2803 386 2878 omnia
403 2802 586 2876 obversari.
636 2804 695 2875 Ne
708 2825 912 2882 terrerentur
925 2803 1019 2875 vario
1031 2803 1214 2875 Treverici

222 2933 249 2970 “
270 2924 386 3023 proelii
407 2944 557 2998 eventu:
586 2921 682 2996 suam
713 2924 787 2997 illic
814 2924 996 2997 victoriam
1024 2923 1214 2997 Germanis

223 3052 250 3087 “
270 3047 445 3135 obstitille,
463 3046 565 3133 dum,
590 3044 718 3117 omiffis
742 3045 830 3147 telis,
860 3046 974 3141 praedlr
998 3070 1122 3117 manus
1144 3043 1215 3117 im·

222 3171 251 3205 “
272 3167 442 3260 pediunt:
481 3164 539 3238 sed
573 3167 697 3239 cunela
730 3191 816 3238 mox
844 3165 1021 3262 prospera,
1054 3170 1087 3240 δι
1118 3164 1212 3240 hosti

223 3287 444 3359 “contraria
470 3285 630 3359 eveniffe.
680 3290 771 3382 Qrae
803 3286 976 3383 provideri
1005 3270 1089 3359 astu
1108 3283 1209 3357 ducis

223 3412 251 3449 “
269 3407 469 3500 oportuerit,
497 3405 654 3504 provisa:
683 3431 827 3503 campos
853 3409 1046 3496 madentes,
1072 3410 1104 3477 &
1128 3403 1210 3499 ipsis

200 3535 249 3621 ·“
271 3551 410 3625 gnaros,
446 3529 588 3621 paludes
614 3529 770 3633 hostibps
786 3529 942 3603 noxias:
973 3530 1139 3601 Rhenum
1173 3529 1211 3599 δι

223 3638 250 3698 ‘⁶
270 3645 468 3722 Germaniae
486 3648 571 3720 deos
589 3648 624 3721 in
651 3649 802 3746 aspeem,
824 3676 975 3746 quorum
994 3647 1137 3721 numine
1154 3672 1214 3720 ca·

222 3778 249 3817 “
268 3770 435 3872 pellerent
453 3751 625 3865 pugnam,
643 3760 851 3871 conjugum,
872 3789 1068 3869 parentum,
1088 3767 1212 3865 patriae
1278 3840 1291 3859 ,,
