2774 5026
237 398 282 467 ¹4
444 358 501 442 [Q
540 372 786 445 Connrttt
814 374 996 450 Tactrt

231 545 358 618 bitiosrs
385 544 582 625 rumoribus
607 546 838 640 destinabant,
866 549 971 624 etiam
997 550 1033 623 in
1050 552 1098 624 T.
1116 546 1212 625 Vinii

230 662 590 765 odiumstdiverterant,
620 668 679 766 qui
705 668 740 742 in
766 669 841 743 dies
867 670 1000 768 quantd
1027 673 1215 770 potentior,

229 783 357 858 eodem
391 788 471 859 adiu
498 787 639 861 invisior
671 811 754 863 erat.
814 772 962 890 Qippe
994 793 1141 882 hiantes,
1178 794 1215 866 in
1291 811 1294 817 '

228 908 357 1005 magna
380 905 530 999 fortuna,
553 910 746 985 amicorum
764 913 984 1010 cupiditates,
1003 913 1073 1011 ipsa
1090 917 1215 991 Galba
1301 925 1302 929 ’

229 1029 377 1105 facilitas
402 1029 620 1104 intendebat:
648 1034 733 1106 ciam
756 1035 852 1130 apud
881 1035 1064 1108 infirmum
1087 1040 1121 1110 δι
1141 1061 1214 1111 cte·

227 1152 369 1243 dolum,
393 1151 525 1225 minore
553 1173 664 1243 metu,
700 1158 737 1226 ὅτ
764 1152 895 1251 majore
921 1154 1068 1254 praemio
1091 1181 1214 1254 pecca·

229 1293 336 1347 retur.
1021 1354 1023 1360 .
1308 1257 1310 1265 ¹

274 1396 374 1468 XIII.
400 1397 616 1467 Porunrrn
640 1393 853 1491 principatus
875 1395 983 1470 divisa
1011 1398 1048 1470 in
1076 1399 1125 1470 T.
1149 1398 1213 1469 Vi·

175 1585 181 1591 ,
227 1515 341 1602 nium,
359 1514 548 1605 consulem,
569 1518 602 1588 &
620 1515 824 1588 Cornelium
839 1517 1036 1607 Laconem,
1063 1517 1214 1615 praetorii

208 1616 445 1734 prasesidm
494 1639 573 1709 Nec
600 1636 715 1709 minor
741 1634 852 1733 gratia
882 1637 990 1725 Icelo,
1020 1636 1145 1710 Galbae
1170 1637 1212 1710 li·

228 1761 341 1847 berto,
376 1781 483 1854 quem
517 1759 628 1829 anulis
670 1757 853 1845 donatum,
889 1755 1036 1853 equestri
1070 1757 1214 1835 nomlne

227 1877 430 1950 Mattianum
444 1876 655 1952 vocitabant.
707 1876 759 1950 Hi
772 1874 958 1967 discordes,
978 1879 1127 1954 &rebus
1144 1879 1209 1951 mi-

197 1999 369 2081 „noribus
383 1998 444 2071 fibi
463 1996 607 2095 quisque
621 1999 815 2088 tendentes,
841 1997 1131 2073 circaeonsrlium
1148 2000 1210 2071 eli·
1266 2066 1272 2075 ,

229 2120 334 2221 genili
359 2117 554 2194 successoris
585 2118 621 2190 in
642 2119 729 2191 duas
759 2117 925 2193 sadiones
954 2118 1210 2194 scindebantur.

150 2263 153 2275 ·
227 2241 353 2315 Vinius
378 2245 444 2338 pro
466 2242 523 2313 M.
539 2242 702 2313 Othone:
734 2242 833 2314 Laco
859 2260 965 2339 atque
986 2242 1098 2314 Icelus
1124 2265 1210 2314 con·

226 2361 322 2441 sensu
351 2386 423 2435 non
451 2381 523 2435 tam
547 2388 659 2436 unuin
694 2360 847 2460 aliquem
880 2361 1063 2452 fovebant,
1083 2362 1211 2461 ,quam

225 2484 346 2556 alium.
397 2485 526 2581 Neque
546 2504 617 2555 erat
642 2485 765 2557 Galbae
790 2483 910 2588 ignota
925 2482 1076 2556 Othonis
1098 2510 1139 2558 ac
1162 2485 1210 2558 T.

226 2602 321 2675 Vinii
340 2601 514 2687 amicitia3
547 2604 802 2677 &rumoribus
829 2603 916 2679 nihil
946 2603 1078 2678 filentio
1103 2601 1208 2676 trans·
1308 2701 1311 2709 Ι

224 2722 440 2797 mittentium
465 2722 566 2822 (quia
583 2722 690 2796 vidua
714 2722 819 2796 Vinio
836 2724 922 2813 filia,
938 2726 1074 2821 ¹caelebs
1089 2725 1207 2818 Otho)

225 2871 333 2944 gener
361 2870 403 2916 ac
426 2842 517 2917 socer
538 2842 807 2918 destinabantur.
847 2824 976 2921 'Credo
1003 2850 1036 2919 bc
1066 2845 1207 2943 reipub-

121 3041 129 3066 .
224 2966 298 3038 licae
317 2988 436 3043 curam
458 2963 594 3053 subisse,
625 2961 747 3038 frustra
771 2966 951 3038 aNerone
974 2967 1156 3054 translatae,
1183 2967 1205 3038 ss

225 3087 320 3184 apud
354 3066 534 3159 Othonem
576 3085 841 3182 relinqueretur.
915 3086 1084 3180 Namque
1111 3085 1209 3158 Otho

224 3207 407 3311 pueritiam
425 3205 611 3294 incuriose,
631 3205 899 3280 adolescentiam
915 3204 1114 3302 petulanter
1125 3229 1207 3303 ege·

226 3348 305 3415 rat3
343 3350 458 3427 gratus
498 3325 634 3400 Neroni
674 3327 895 3403 aemnlatione
931 3325 1055 3398 luxtls:
1094 3325 1208 3424 edque

219 3449 295 3550 jam
324 3452 516 3546 Poppaeam
544 3447 721 3538 Sabinam,
751 3447 946 3551 Principale
969 3444 1132 3535 scortum,
1168 3466 1207 3519 ut
1304 3508 1305 3512 ,

224 3572 320 3669 apud
336 3567 512 3647 conscium
531 3569 733 3658 libidinum,
759 3565 975 3666 deposuerat,
1003 3569 1205 3641 donecOc·

223 3693 353 3766 taviam
378 3716 526 3764 uxorem
559 3689 781 3763 amoliretur:
821 3713 906 3762 mox
938 3687 1132 3786 suspedlum
1167 3687 1204 3767 in

223 3817 348 3895 eadem
363 3814 531 3915 Poppaea,
553 3812 587 3885 in
606 3810 822 3912 provinciam
840 3811 1070 3902 Lusitaniam,
1096 3807 1208 3906 specie⁴
