2820 4694
366 345 760 428 Hrsronrnrurr
792 351 902 426 Lra.
936 354 1001 428 111.
1107 369 1176 458 227·

169 521 316 620 pedes,
342 524 521 622 excepere.
570 528 773 625 Pugnatum
794 507 894 600 ¹haud
918 529 1041 624 procul
1063 530 1177 619 Urbe,

193 642 282 716 inter
296 642 445 719 aedificia
461 642 661 743 hortosque,
680 652 714 719 δε
730 644 901 722 anstasius
918 649 1076 737 viarum:
1097 674 1175 747 quae

194 789 301 861 gnara
328 764 536 857 Vitellianis,
574 766 795 865 incomperta
827 768 993 859 hostibus,
1039 754 1176 844 metum

181 881 368 958 seceranr:
397 912 512 984 neque
536 887 651 960 omnis
678 913 783 986 eques
817 914 978 979 concors,
1006 889 1175 987 adjundis

191 1005 414 1102 quibusdam,
446 1008 507 1105 qui
526 1034 637 1105 nuper
653 1009 750 1106 apud
768 1010 936 1083 Narniam
953 1009 1076 1098 dediti,
1095 1006 1175 1082 sor·
1210 1097 1215 1106 ¹

191 1145 316 1200 tunam
333 1128 485 1224 partium
511 1126 802 1224 speculabantur:
829 1129 965 1226 capitur
991 1128 1173 1227 praeseslus

190 1248 255 1348 alae
270 1248 411 1322 Tullius
439 1248 650 1322 Flavianus:
678 1250 780 1323 ceteri
797 1247 893 1322 soedl
921 1248 1005 1346 suga
1021 1250 1173 1324 conster-

190 1387 331 1457 nantur,
358 1394 429 1441 uon
445 1371 533 1442 ultra
551 1369 698 1442 Fidenas
721 1368 843 1444 secutis
860 1369 1063 1444 vistoribus.

239 1491 398 1563 LXXX.
426 1490 482 1563 Eo
500 1490 650 1564 successu
668 1489 780 1563 studia
798 1478 924 1587 ‘populi
941 1493 1061 1564 auda:
1090 1493 1171 1564 vul·

189 1633 256 1706 gus
272 1611 460 1683 Urbanum
477 1635 575 1684 arma
592 1610 696 1708 cepit.
733 1609 858 1684 Paucis
874 1610 969 1685 scuta
984 1611 1168 1684 militaria:
1260 1706 1262 1713 y

187 1731 317 1827 plures,
342 1732 461 1829 raptis,
492 1733 591 1831 quod
607 1731 733 1830 cuique
752 1731 913 1821 obvium,
937 1730 1026 1821 telis,
1056 1738 1082 1773 “
1104 1735 1170 1830 fig.-
1281 1783 1283 1786 a

188 1856 217 1893 “
236 1878 322 1925 num
336 1853 490 1951 pugnae’'
507 1850 711 1949 exposcunt.
762 1851 852 1950 Agit
870 1871 982 1951 grates
994 1850 1168 1941 Vitellius,

187 1973 222 2043 ar
238 1978 265 2014 “
284 1972 503 2046 adtuendam
517 1975 657 2048 Urbem
674 1971 1043 2071 prommpere’'jubet.
1073 1976 1169 2047 Mox

175 2093 300 2166 v0cato
323 2092 453 2185 senatu,
482 2093 685 2193 deliguntur
712 2093 819 2191 legati
845 2094 890 2166 ad
919 2091 1104 2183 exercitus,
1131 2115 1169 2167 ut

183 2206 354 2311 pretexto
379 2214 582 2313 reipublicae
616 2215 841 2289 concordiam
870 2238 1064 2310 pacemque
1091 2211 1167 2287 sua-

182 2336 315 2410 derent.
365 2335 479 2414 Varia,
492 2337 690 2433 legatorum
714 2333 783 2409 sors
811 2332 886 2407 suit.
936 2333 1009 2429 Qri
1039 2333 1166 2406 Petilio

183 2456 309 2530 Ceriali
335 2478 566 2547 occurrerant,
601 2476 798 2531 extremum
826 2452 1010 2528 discrimen
1037 2453 1165 2543 adiere,

182 2576 382 2673 aspernante
412 2577 519 2651 milite
539 2577 769 2665 ,conditiones
802 2576 922 2675 pacis:
966 2575 1186 2660 vulneratur

175 2716 311 2796 praetor
328 2699 503 2771 Arulenus
521 2697 710 2772 Rusticus:
738 2697 837 2772 auxit
852 2695 1035 2784 invidiam,
1063 2692 1164 2789 super

169 2797 352 2890 'violatum
375 2817 480 2916 legati
506 2818 727 2917 praetorisque
750 2844 893 2908 nomen,
920 2814 1059 2914 propria
1082 2813 1162 2911 dig·

105 2922 112 2935 *
180 2937 276 3011 natio
293 2937 382 3012 viri:
411 2941 573 3036 palantur
590 2939 758 3038 comites:
786 2938 958 3014 occiditur
983 2933 1163 3035 proximus

180 3057 293 3152 lislor,
312 3059 493 3133 dimovere
510 3063 647 3134 turbam
664 3061 787 3146 ausus:
807 3064 856 3149 a,
884 3058 920 3131 ni
935 3055 1019 3130 dato
1035 3081 1055 3128 a
1070 3055 1162 3127 duce

179 3181 337 3279 praesidio
353 3179 480 3255 defensi
499 3178 625 3272 forent,
645 3179 779 3255 sacrum
795 3179 900 3253 etiam
925 3179 1013 3251 inter
1029 3198 1161 3250 exteras

49 3295 55 3300 ’
165 3312 299 3401 'gentes
326 3303 519 3400 legatorum
545 3299 613 3397 jus,
652 3323 732 3374 ante
766 3299 837 3395 ipsa
866 3298 990 3396 patriaep
1012 3296 1159 3384 moenia,

66 3488 71 3499 .
178 3423 288 3496 civilis
304 3423 413 3497 rabies
429 3419 537 3521 usque
559 3422 594 3494 in
611 3420 760 3495 exitium
777 3420 980 3503 temerasset.
1030 3418 1159 3514 AEqui-v

176 3542 294 3618 oribus
319 3543 444 3618 animis
461 3544 595 3641 accepti
612 3539 704 3630 sunt,
731 3537 792 3636 qui
809 3539 854 3610 ad
869 3537 1073 3611 ‘Antonium
1098 3561 1158 3608 ve·

164 3685 308 3755 nerant,
336 3691 408 3738 non
426 3665 511 3766 quia
527 3660 728 3761 ,modestior
751 3659 863 3753 miles,
893 3657 951 3735 sed
978 3658 1061 3735 duci
1079 3656 1156 3754 plus

176 3770 395 3861 auctoritatis.

652 3901 736 3999 Qa
