2820 4694
261 379 333 434 aaa
493 355 826 432 escarum
853 357 1056 449 Tacrrs

260 530 345 606 iiiuc
361 532 566 606 clamoribus
591 531 746 606 hostium
764 531 978 631 circumagi:
1006 556 1086 630 quae
1095 526 1239 628 jusserat

259 641 387 743 uetare,
407 668 485 750 quae
502 673 655 726 vmuerat
664 650 800 751 jubere.
849 656 958 743 Mox,
983 653 1082 750 quod
1104 650 1141 724 in
1158 674 1236 747 per·

257 771 337 844 ditis
364 774 464 845 rebus
485 771 624 862 accidit,
656 799 777 846 omnes
793 772 992 871 praecipere,
1014 795 1120 845 nemo
1139 768 1235 845 exse·

257 891 344 991 qui:
372 891 561 989 postremi),
583 890 723 991 abjcffis
749 895 868 984 armis,
901 891 1023 991 fugam
1041 889 1234 965 &fallendi

141 1023 155 1047 ²
254 1034 343 1086 artes
358 1009 702 1109 circumspefflbant.
751 1017 958 1110 Inrumpunt
982 1012 1171 1102 Vitelliani,
1199 1016 1235 1085 &

255 1135 384 1239 cuneis
399 1129 578 1230 sanguine,
593 1124 696 1223 ferro,
715 1129 931 1230 flammisque
942 1129 1097 1207 miscent.
1130 1131 1237 1205 Pauci

256 1251 458 1327 militarium
487 1251 659 1343 virorum,
686 1252 775 1325 inter
791 1279 879 1351 quos
900 1252 1053 1327 maxim&
1077 1252 1237 1350 insignes,

256 1371 440 1445 Cornelius
457 1372 642 1464 Martialis,
672 1372 840 1448 AEmilius
857 1376 1029 1463 Paceufis,
1058 1352 1239 1470 Casperius

256 1491 387 1591 Niger,
405 1491 533 1566 Didius
546 1495 680 1583 Scaeva,
700 1519 857 1592 pugnam
874 1493 958 1583 anfi,
974 1496 1238 1572 obtruncantur.

257 1597 421 1687 Flauium
437 1612 619 1703 Sabinum,
651 1613 835 1701 inermem,
862 1637 976 1710 neque
992 1611 1114 1710 sugam
1138 1638 1236 1708 ooep·

228 1753 404 1822 ‘tautem,
443 1732 708 1821 circumfistunt,
753 1737 786 1806 δι
818 1732 1026 1828 Qinuium
1059 1731 1236 1820 Atticum,

256 1851 447 1942 consulem,
470 1855 594 1925 umbras
611 1853 752 1926 honoris
767 1857 801 1925 a
819 1852 950 1925 suimet
969 1851 1118 1926 vanitate
1133 1876 1235 1924 mon-

255 1971 414 2063 stratum,
438 1971 538 2071 quod
565 1972 678 2046 adina
691 1971 737 2044 ¹in
754 1973 927 2069 populum
945 1999 1009 2069 pro
1034 1969 1238 2068 Vespasiano

256 2092 454 2193 magnifica,
488 2090 651 2191 probrosa
682 2093 846 2165 adversas
879 2091 1059 2165 Vitellium
1093 2090 1239 2188 jecerat.

204 2264 207 2270 ,
256 2211 370 2286 Ceteri
400 2238 461 2309 per
477 2213 591 2286 varios
607 2212 701 2286 ossus
717 2214 842 2310 elapsu
872 2212 1016 2310 quidam
1042 2207 1154 2283 servili
1174 2212 1235 2283 ha·

257 2322 349 2425 bitu,
374 2333 432 2407 alii
450 2336 521 2408 side
545 2333 721 2408 clientium
735 2333 901 2424 concessi,
932 2332 1070 2406 &inter
1090 2331 1237 2404 sarcinas
1302 2384 1304 2390 ‚

256 2454 377 2530 abditi
426 2456 552 2545 Fuere,
578 2454 654 2553 qui,
677 2475 825 2551 excepto
841 2453 1106 2526 Vitellianorum
1121 2453 1235 2549 signo,

257 2601 330 2674 quo
346 2576 435 2648 inter
452 2572 486 2648 se
508 2574 748 2664 noscebantur,
780 2577 870 2648 ultro
891 2573 1078 2672 rogitantes
1095 2571 1236 2671 respon·

156 2701 158 2704 ”
257 2694 432 2786 derrasse,
460 2696 642 2769 audaciam
660 2720 723 2792 pro
744 2696 873 2769 latebra
887 2695 1066 2768 haberent.
1091 2720 1093 2726 ·

303 2818 479 2891 LXXIV.
502 2818 786 2905 Domsrsnuus,
805 2814 919 2912 primss
933 2813 1132 2912 inruptione
1143 2816 1238 2911 apud

125 2940 129 2947 ’
256 2938 423 3011 ἐἀὶωιπυ
440 2938 646 3026 emutatus,
673 2935 821 3010 sollertis
842 2935 971 3026 liberti,
999 2935 1254 3009 lineoamifiu.

197 3106 199 3111 ,
255 3059 365 3128 turbae
386 3055 624 3130 sacricolarum
651 3055 837 3129 immixtus
854 3049 1111 3155 ignoratusque,
1142 3056 1236 3152 apud

256 3175 458 3249 Cornelium
470 3177 642 3266 Primum,
656 3197 837 3279 paternum
854 3177 1033 3268 clientem,
1044 3174 1150 3273 juxta
1166 3176 1234 3248 Ve-

255 3295 406 3387 labmm,
431 3298 580 3372 delituit.
632 3303 686 3371 Ac
716 3296 870 3395 potiente
897 3323 1010 3372 rerum
1030 3317 1136 3393 parre,
1167 3295 1235 3367 dis-

251 3413 345 3514 jndo
360 3417 480 3490 aeditui
498 3417 739 3508 oornubemio‚
765 3418 947 3491 modicum
962 3416 1124 3491 sacellum
1140 3417 1235 3512 jour

256 3557 578 3632 cousnuvaronr,
617 3565 782 3637 aramque
810 3536 937 3636 posuit,
970 3538 1064 3611 casus
1093 3536 1169 3611 suos
1200 3536 1238 3610 in

103 3648 106 3654 ¹
256 3679 429 3732 marmore
459 3659 666 3750 expressam.
716 3661 810 3733 Mox
852 3657 1041 3753 imperium
1074 3660 1237 3756 adeptus,

256 3780 347 3872 Jorr
381 3797 543 3862 cursous
578 3781 752 3873 templum
775 3777 914 3876 ingens,
958 3772 1062 3875 seque
1091 3778 1129 3851 in
1165 3781 1239 3853 fiuu
