2844 4704
359 356 999 439 HrsromrnnLtntss.
1101 389 1166 467 177

186 535 545 638 adceleraturumque,
591 538 732 636 cognits
764 538 912 614 Caecinre
953 539 1164 638 proditione,

147 726 155 757 Ι
184 654 421 755 conjesbabat:
447 663 481 732 dt
500 660 591 732 fidus
610 659 749 733 Vitellio
774 658 920 749 Fabius,
946 684 1009 737 nec
1034 661 1167 736 miliriae

184 776 334 875 ignatus.
397 778 508 852 Simul
542 779 664 878 ingens
698 782 956 854 Germanorum
989 779 1056 869 vis,
1102 806 1164 878 per

183 898 566 993 Raetiamtimebatur:
595 903 629 972 &
658 925 703 972 ex
725 898 899 975 Britannia
921 898 1103 996 Gallisque
1129 903 1164 974 lit

184 1017 355 1116 Hispani&
379 1019 507 1093 auxilia
538 1019 700 1094 Vitellius
737 1020 917 1111 acciverat,
959 1019 1163 1094 immensam

184 1140 268 1212 belli
285 1141 392 1229 luern,
418 1140 453 1212 ni
479 1140 667 1230 Antonius,
691 1140 727 1213 id
749 1139 861 1238 ipsunt
879 1160 1047 1229 metuens,
1069 1137 1160 1212 festi-

182 1280 265 1333 nato
283 1259 409 1358 proelio
426 1259 606 1333 vidoriatn
625 1260 847 1358 praecepiffet.
896 1256 1066 1333 Universo
1078 1285 1163 1333 cum
1271 1339 1275 1347 ,

183 1379 349 1469 exercitu,
367 1379 525 1453 secundis
540 1406 561 1452 a
578 1383 715 1453 Veronal
731 1379 860 1469 castris,
873 1378 1084 1452 ‘Bebriacum
1100 1405 1160 1453 ve·

183 1498 258 1571 nitz
284 1500 421 1598 postero
449 1499 519 1591 die,
551 1500 747 1599 legionibus
773 1501 817 1573 ad
846 1499 1078 1573 muniendum
1106 1525 1160 1573 re-

182 1619 297 1710 tentis,
314 1620 496 1696 auxiliares
513 1623 671 1696 cohortes
694 1620 730 1693 in
745 1621 1012 1694 Cremonensem
1035 1646 1160 1718 agrum

178 1739 300 1830 miffae,
333 1761 372 1814 ut
407 1741 520 1839 specie
556 1744 787 1840 parandarum
827 1739 1021 1837 copiarum,
1064 1740 1159 1814 civili

180 1861 296 1954 praedfl
319 1862 416 1934 miles
433 1855 659 1937 imbueretur.
679 1872 681 1881 '
707 1860 795 1958 lpse,
814 1886 896 1934 cum
914 1880 1062 1958 quatuor
1079 1861 1158 1934 mil·
1192 1853 1195 1861 ’

179 1978 271 2052 libus
288 1980 460 2078 equitum,
485 1984 530 2056 ad
547 1984 712 2056 odarum
726 2002 750 2053 ¹a
765 1981 934 2079 Bebriaco
948 1984 1157 2080 progressus,

178 2099 251 2196 qud
268 2100 425 2175 licentius
442 2103 710 2201 popularentur:
739 2104 975 2205 exploratores
1004 2090 1062 2199 (ut
1080 2129 1157 2179 mos

79 2265 89 2281 κ
176 2219 245 2315 est)
271 2221 408 2321 longitls
429 2225 607 2297 curabant.

224 2342 326 2415 XVI.
353 2345 521 2430 Qurnrn
546 2341 655 2418 ferme
670 2346 756 2417 hora
771 2344 839 2418 diei
861 2364 945 2434 erat,
965 2344 1156 2417 concitus
1261 2326 1263 2331 ’

175 2485 294 2558 eques,
304 2463 526 2536 “adventare
538 2464 667 2556 hostes,
680 2465 850 2564 praegredi
863 2490 1004 2563 paucos,
1017 2484 1156 2538 motum
1258 2503 1261 2508 ·

176 2586 203 2622 ‘⁶
220 2579 469 2680 fremitumque
481 2584 549 2657 late
566 2584 718 2676 audiri,’'
728 2585 911 2660 nuntiavit.
960 2586 1059 2658 Dum
1078 2589 1155 2660 An·

176 2698 303 2789 tonius,
335 2699 373 2744 “‘
393 2704 563 2800 quidnam
600 2708 818 2805 agendum,''
857 2705 1040 2797 consultat,
1079 2704 1153 2778 avi-

174 2816 281 2890 ditate
306 2824 473 2896 navandae
494 2849 609 2921 operae
628 2827 749 2902 Arrius
764 2831 875 2902 Varus
900 2853 982 2901 cum
1008 2852 1151 2923 promp-

174 2936 305 3011 tiffimis
332 2940 491 3037 equitum
516 2946 683 3043 prorupit,
712 2947 924 3046 impulitque
947 2945 1152 3021 Vitellianos

172 3059 312 3134 modies
338 3063 453 3149 caede;
481 3089 563 3137 nam
590 3067 744 3162 plurium
773 3067 932 3157 adcursu,
961 3065 1054 3141 versa
1082 3064 1153 3141 sor-

108 3232 109 3235 ,
171 3197 269 3271 tuna,
286 3183 521 3257 &acerrimus
538 3184 683 3285 quisque
697 3188 936 3286 sequentium,
962 3186 1057 3286 sugae
1072 3190 1153 3263 ulti-

171 3325 249 3373 mus
276 3323 368 3376 erat:
404 3330 469 3379 nec
498 3305 620 3403 sponte
654 3308 801 3382 Antonii
834 3328 1072 3406 properatum,
1116 3315 1150 3383 ὅτ

170 3418 257 3510 fore,
288 3448 367 3520 quae
399 3425 610 3517 acciderant,
641 3430 793 3501 rebatur.
859 3430 1033 3502 Hortatus
1049 3429 1150 3520 suos,

170 3544 199 3580 “
216 3560 255 3611 ut
281 3557 412 3642 magno
429 3545 548 3620 animo
575 3548 786 3643 capesserent
803 3552 999 3647 pugnam,”
1023 3549 1147 3623 diduc-

168 3657 212 3731 tis
233 3658 270 3732 in
294 3664 399 3737 latera
422 3666 558 3755 turmis,
585 3691 738 3740 vacuum
763 3669 880 3741 medio
908 3669 1046 3766 reliquit
1074 3669 1148 3755 iter,

170 3803 241 3881 quo
262 3781 394 3860 Vatum
418 3783 618 3886 equitesque
641 3785 713 3883 ejus
738 3788 916 3888 reciperet.
967 3790 1071 3886 Juss'ae
1094 3812 1153 3858 ar·

633 3907 672 3982 N
