2820 4694
270 336 340 407 288
441 331 445 336 ’
495 334 1025 410 C.C0rrnrn11Tacrr1

188 577 191 582 .
270 513 299 548 “
317 504 409 578 adeo
427 508 599 580 turbatam
624 505 781 582 civilibus
806 505 915 581 'arrnis
935 534 1008 581 rem
1027 511 1245 597 Romanam,

271 633 300 670 “
317 647 354 700 ut
370 626 528 698 Tfeveris
553 626 658 701 etiam
675 626 965 725 Lingonibusque
991 624 1165 725 despeuui
1193 632 1243 700 srt.

272 754 300 790 “
317 748 489 843 Superesse
521 742 608 820 fidas
642 747 846 844 provincias,
876 747 1023 825 victores
1055 747 1242 836 exercitus,

272 876 299 911 “
316 866 488 941 fortunam
505 867 654 963 imperii,
669 873 701 940 ἃ
715 868 841 939 ultores
854 870 947 941 deos.
996 866 1051 940 Sic
1063 867 1164 958 olim,
1182 868 1241 939 Sa·

225 1017 227 1022 ·
272 996 300 1031 “
318 989 489 1060 crovirum
513 992 545 1060 δι
571 988 721 1077 AEduos,
752 1013 875 1082 nuper,
894 986 1081 1060 Vindicem
1097 986 1242 1060 Gallias·

272 1114 299 1153 “
318 1133 388 1205 que
412 1105 551 1204 singulis
578 1107 705 1203 proeliis
726 1107 923 1179 concidisse.
946 1182 947 1185 ,
974 1106 1107 1179 Eadem
1132 1107 1243 1181 rursus

272 1237 299 1275 ‘⁴
318 1227 475 1315 numina,
495 1227 617 1298 eadem
641 1225 722 1315 sata,
742 1247 898 1322 ruptores
914 1225 1086 1298 foederum
1103 1226 1240 1323 exspec-

272 1357 301 1392 “
321 1369 442 1422 tarent.
493 1346 624 1420 Melius
645 1347 728 1420 divo
758 1347 867 1441 Julio,
897 1346 1053 1445 divoque
1084 1349 1245 1446 Augusto

272 1476 301 1513 “
319 1489 421 1543 notos
437 1493 558 1566 eorum
580 1466 723 1540 animos.
740 1500 742 1508 1
774 1469 941 1558 Galbam,
969 1473 1003 1541 δι
1030 1466 1170 1542 infrasla
1187 1467 1246 1541 tri-

272 1597 300 1632 “
316 1592 414 1677 buta,
449 1588 587 1661 hostiles
616 1587 751 1684 spiritus
780 1586 938 1661 induisse.
988 1589 1098 1660 Nunc
1122 1587 1245 1677 hostes,

271 1717 300 1791 ‘5
317 1709 399 1806 quia
416 1710 520 1781 moIIe
537 1707 736 1784 servitium:
757 1709 840 1783 clun
862 1706 992 1806 spoliati
1011 1707 1176 1805 exutique
1187 1707 1242 1780 su·

179 1824 185 1829 ’
271 1835 298 1871 “
325 1827 428 1915 erint,
458 1827 588 1901 amicos
621 1827 729 1902 sore.”
787 1831 881 1903 Haec
905 1827 1062 1902 ferociter
1094 1831 1242 1917 Iocutus,

268 1946 451 2045 postquam
474 1946 618 2042 perstare
635 1948 670 2020 in
694 1947 835 2049 perfidia
857 1950 1041 2022 clafficum
1057 1950 1243 2022 Tutorem-

267 2093 337 2166 que
353 2067 463 2155 videt,
476 2065 573 2145 verso
589 2067 722 2158 itinere,
736 2071 925 2142 Novesrum
941 2069 1115 2142 concedit.
1158 2072 1244 2142 Gal·

267 2189 307 2279 li,
320 2189 432 2263 duirm
450 2189 597 2262 millium
614 2191 724 2287 spatio
740 2189 937 2293 distantibus
954 2189 1099 2286 campis,
1123 2188 1243 2262 conse·

268 2312 361 2385 dere.
411 2312 498 2384 Illuc
524 2311 796 2388 commeantium
814 2310 1052 2384 centurionum
1069 2308 1240 2382 militum·

186 2419 188 2423 ¹
268 2459 340 2531 que
362 2434 563 2507 emebantur
577 2429 699 2521 animi,
730 2452 766 2504 ut
793 2430 984 2529 (flagitium
1002 2430 1241 2528 incognitum)

268 2557 450 2629 Romanus
467 2551 637 2625 exercitus
657 2552 692 2624 in
709 2573 852 2626 externa
864 2540 969 2626 verba
977 2550 1144 2650 jurarent,
1164 2551 1245 2650 pig·

258 2674 398 2774 nusque
419 2671 504 2745 tanti
524 2670 667 2761 sceleris,
694 2697 778 2745 nece
800 2691 858 2745 aut
885 2672 1033 2745 vinculis
1050 2674 1246 2770 legatorum

266 2797 415 2869 daretur.
465 2794 613 2883 Vocula,
633 2817 846 2889 quamquam
862 2793 1017 2889 plerique
1030 2791 1152 2890 fugam
1170 2791 1245 2866 sua·

266 2919 410 3005 debant,
427 2913 627 3011 audendum
640 2932 744 3001 ratus,
759 2914 882 2986 vocata
896 2913 1077 3003 concione,
1096 2912 1134 2984 in
1151 2914 1247 2989 hune

268 3038 415 3109 modum
432 3033 599 3110 disseruit.

315 3157 449 3230 LVIII.
477 3163 504 3198 “
522 3139 742 3240 Nonum
760 3154 853 3250 apud
877 3179 941 3227 vos
957 3156 1064 3227 verba
1079 3151 1160 3244 seci,
1186 3171 1247 3228 aut

268 3281 296 3317 “
317 3300 379 3370 pro
394 3276 495 3350 vobis
511 3273 700 3364 sollicitior,
716 3274 776 3347 a'ut
793 3299 855 3372 pro
868 3299 925 3348 me
941 3274 1099 3348 securior.
1147 3276 1245 3347 Nam

199 3420 201 3425 ’
268 3402 295 3436 “
314 3393 399 3466 mihi
420 3396 566 3470 exitium
592 3394 715 3493 parari,
739 3395 850 3469 libens
874 3380 1000 3482 audioi
1026 3414 1244 3489 mortemque

268 3511 351 3584 “in
381 3533 431 3585 tot
455 3516 555 3589 malis
576 3516 726 3589 hostium
751 3521 791 3589 ut
812 3518 920 3589 finem
950 3514 1154 3588 miseriarum
1178 3537 1243 3586 ex-

268 3643 296 3683 “
314 3634 439 3733 spedo.
490 3635 599 3707 Vestri
617 3661 674 3709 me
700 3637 808 3732 pudet
832 3632 1048 3733 miseretque,
1077 3633 1244 3707 adverada

267 3766 294 3810 ⁶⁶
315 3782 402 3859 quos
426 3777 497 3832 non
520 3755 683 3853 proelium
710 3760 742 3832 8(
769 3756 857 3835 acies
886 3777 1067 3856 parantum
1093 3753 1130 3830 id
1149 3752 1244 3831 enim
