2844 4704
355 333 758 420 H1sron1anunr
796 329 905 401 Lra.
937 329 984 445 ll.
1097 351 1169 427 ¹45*

181 507 250 584 cuti
262 538 273 595 ;
304 507 487 582 rarissimus
511 504 657 604 quisque
685 505 845 578 eamdem
868 503 905 578 iu
937 501 1165 600 reciperando

99 697 101 701 ,
180 629 353 704 licentiam
370 631 577 702 habuerunt.

228 751 421 823 LXXXV.
460 754 739 825 Aucarannrn
782 743 923 817 interim
966 740 1163 839 Vespasiani

178 891 311 968 coepta,
329 868 454 965 lllyrici
480 867 652 941 exercitlls
673 866 799 956 studio,
827 864 1015 964 transgressi
1033 864 1069 937 in
1087 889 1165 960 par·

181 1011 244 1065 tes.
294 990 416 1064 Tertia
444 989 540 1086 legio
566 989 772 1085 exemplum
799 985 918 1059 ceteris
939 987 1076 1058 Moefiae
1118 985 1166 1056 le·

182 1110 348 1208 gionibus
366 1109 524 1206 praebuit.
575 1110 710 1181 Octava
735 1129 806 1181 erat
831 1098 871 1180 ac
899 1105 1043 1203 septima
1059 1107 1166 1178 Clau-

125 1202 133 1221 ,
181 1232 297 1321 diana,
330 1231 473 1303 imbutae
500 1205 622 1300 savore
646 1228 812 1318 OthoniS,
845 1226 1005 1326 quamvis
1039 1226 1166 1324 proelio

185 1376 258 1426 non
275 1345 499 1422 interfuissent
515 1357 531 1418 ε’
550 1348 748 1445 Aquileiam
767 1349 963 1448 progressa,
983 1350 1167 1445 proturba·

185 1470 243 1558 tis,
270 1468 331 1567 qui
355 1469 399 1541 de
415 1469 554 1542 Othone
577 1469 797 1559 nuntiabant,
820 1470 1039 1567 laceratisque
1056 1471 1167 1542 vexil-

186 1589 245 1678 lis,
270 1613 399 1661 nomen
424 1589 547 1677 Vitellii
561 1588 964 1713 praeserentibusffaptrl
989 1589 1165 1691 postremi)

184 1708 345 1807 pecunifi,
358 1716 391 1784 δι
411 1710 498 1783 inter
510 1709 543 1783 se
561 1709 686 1798 divisa,
705 1709 871 1783 hostiliter
883 1731 1036 1809 egerant.
1086 1713 1165 1785 Un-

112 1888 114 1893 .
182 1831 228 1904 de
245 1850 372 1918 metus,
401 1835 434 1904 &
460 1855 504 1903 ex
530 1851 626 1903 metu
652 1829 856 1903 consilium:
885 1837 914 1873 “
935 1833 1029 1928 posse
1051 1829 1167 1929 impu·

185 1958 214 1992 “
233 1950 295 2022 tari
312 1941 542 2048 Vespasian0,
560 1977 639 2049 quae
661 1953 757 2048 apud
775 1952 957 2025 Vitellium
974 1952 1168 2028 excusanda

187 2078 215 2114 “
234 2075 365 2144 erant.’'
413 2075 467 2145 lta
489 2092 555 2143 tres
575 2074 731 2144 Moesrcae
754 2050 909 2170 legiones
933 2099 993 2170 per
1009 2074 1169 2172 epistolas

186 2191 383 2271 alliciebant
405 2191 650 2265 Pannonicum
675 2191 881 2281 exercitum,
912 2214 971 2265 aut
1002 2193 1169 2267 abnuenti

185 2313 258 2387 vim
283 2313 463 2410 parabant.
515 2313 555 2383 ln
580 2337 622 2383 eo
646 2333 743 2385 motu
763 2311 925 2410 Aponius
949 2314 1165 2402 Saturninus,
1276 2373 1284 2379 ,

193 2435 330 2508 Moefiae
350 2433 477 2522 sessor,
496 2434 679 2527 pessimum
696 2431 828 2506 facinus
840 2433 960 2525 audet,
976 2433 1075 2506 millo
1093 2459 1173 2531 cen·

186 2555 324 2627 turione
340 2555 385 2627 ad
404 2553 682 2626 interficiendum
698 2554 862 2627 Tertium
886 2555 1078 2650 julianum,
1096 2553 1170 2651 sep-

187 2672 282 2746 timae
299 2673 444 2770 legionis
460 2675 631 2772 legamm‚
659 2676 707 2747 ob
725 2677 932 2765 simultates,
942 2676 1068 2774 quibus
1085 2703 1169 2751 cau.

191 2790 265 2867 sam
293 2791 442 2888 partium
476 2794 721 2889 praetendebat.
782 2795 955 2890 Julianus,
988 2817 1170 2894 comperto

187 2909 398 3010 discrimine,
426 2916 460 2984 ὅτ
494 2912 606 3011 gnaris
634 2914 791 2988 locorum
824 2915 974 3007 adscitis,
1003 2942 1065 3014 per
1095 2918 1172 2991 avia

82 3082 83 3086 =
190 3035 342 3122 Moesta,
374 3033 653 3109 ultra-montem
687 3038 859 3109 Haernum
889 3036 1068 3136 profugit:
1108 3064 1172 3112 nec

189 3151 317 3225 deinde
335 3150 431 3225 civili
449 3153 541 3227 bello
566 3154 735 3245 interfuit,
754 3182 815 3253 per
842 3156 952 3230 varias
970 3184 1082 3232 moras
1104 3158 1171 3232 sus·

189 3293 334 3369 ceptum
347 3273 392 3345 ad
412 3272 656 3370 Vespasianum
672 3275 737 3347 iter
755 3277 905 3366 trahens,
933 3281 1025 3350 &ex
1042 3279 1171 3352 nuntiis

190 3395 472 3485 cunctabundus,
497 3415 557 3467 aut
575 3420 773 3492 properans.

239 3515 450 3588 LXXXVI.
489 3520 549 3588 Ar
580 3515 615 3586 in
650 3513 831 3588 Pannonis
860 3516 1097 3591 tertiadecima
1126 3523 1172 3592 le-

192 3633 266 3732 gio,
297 3660 336 3708 ac
364 3633 511 3731 septima
538 3632 723 3720 Galbiana,
747 3634 905 3708 dolorem
930 3636 1087 3735 iramque
1111 3641 1173 3711 Be·

191 3754 369 3861 briacensrs
391 3778 520 3853 pugnae
542 3752 742 3844 retinentes,
761 3755 856 3832 haud
875 3759 1076 3829 caussantes
1093 3753 1172 3829 Ves-
