2806 4694
371 352 768 432 Histo'ntnttuu
806 352 915 431 Lta.
957 358 986 431 Ι.
1110 372 1154 458 33

178 530 207 578 ‘l
224 536 295 610 His
324 536 482 634 auspiciis
500 539 637 612 Urbem
655 537 838 637 ingressus,
869 561 978 632 quam
1006 534 1157 632 gloriam

179 658 268 729 “ad
299 656 540 755 Principatum
573 658 700 746 attulit,
731 661 800 731 nili:
824 657 926 730 occist
954 655 1173 730 Obultronii

178 784 206 818 “
223 776 355 867 Sabini,
374 782 407 849 δι
424 779 577 852 Cornelii
594 778 756 851 Marcelli
784 778 819 848 in
849 773 1033 871 Hispanis,
1057 773 1157 846 Betui

179 904 206 939 “
224 897 382 972 Chilonis
399 888 582 989 in'Gallia,
601 896 740 970 Fonteii
757 896 938 993 Capitonis
955 896 989 968 in
1008 896 1156 967 Germa·-

177 1023 206 1058 “
223 1017 292 1106 nis,
323 1017 440 1091 Clodii
458 1019 575 1091 Macri
601 1018 638 1091 in
667 1015 800 1116 Abies,
826 1014 992 1114 Cingonii
1021 1015 1057 1087 in
1085 1012 1155 1102 vla,

177 1134 204 1178 ‘'‘
222 1135 417 1233 Turpiliani
434 1138 471 1211 in
486 1141 603 1228 Urbe,
622 1117 834 1234 Nymphidii
850 1137 885 1210 in
905 1134 1041 1209 castris?
1064 1138 1157 1232 Qtae

177 1262 204 1298 “
223 1259 371 1353 usquam
390 1257 583 1353 provincia,
605 1284 682 1355 quae
699 1258 806 1331 castra
822 1256 912 1345 sunt,
938 1258 999 1328 nist
1017 1276 1158 1328 cruenta

72 1421 75 1425 -
176 1384 204 1419 “
225 1383 259 1449 ὅτ
279 1378 480 1450 maculata?
506 1388 578 1467 aut,
607 1397 645 1450 ut
666 1377 737 1476 ipse
765 1378 940 1474 praedicat,
974 1377 1157 1448 emendata

178 1502 207 1537 “
227 1499 262 1568 bt
280 1499 456 1570 correcta?
485 1499 581 1570 Nam
610 1524 690 1595 quae
719 1497 776 1571 alii
804 1496 943 1585 scelera,
970 1496 1028 1569 hic
1047 1520 1156 1569 reme-

177 1616 281 1689 “dia
311 1638 431 1690 vocat:
467 1619 554 1691 dum
583 1616 672 1692 falsis
701 1617 917 1705 nominibus,
943 1616 1157 1691 severitatem

175 1742 203 1778 “
222 1762 287 1832 pro
304 1734 446 1827 saevitifi,
470 1738 717 1835 parsimoniam
734 1764 800 1835 pro
817 1736 972 1827 avaritil,
986 1735 1156 1834 supplicia

175 1862 204 1899 ‘¹
225 1860 258 1928 δε
297 1859 525 1931 contumelias
559 1858 702 1947 vestras,
745 1855 966 1956 disciplinam
990 1859 1152 1955 appellat.

175 1984 205 2019 “
223 1980 361 2074 Septem
378 2005 398 2051 a
415 1979 564 2053 Neronis
582 1983 652 2052 fine
671 1976 803 2053 menses
819 1976 909 2067 sunt,
935 1975 1058 2075 &jam
1077 1980 1155 2073 plus

176 2105 204 2141 “
222 2098 332 2195 rapuit
348 2101 472 2189 Icelus,
492 2100 603 2197 quim
621 2102 717 2198 quod
734 2100 919 2196 Polycleti,
950 2104 983 2173 δι
1009 2098 1152 2189 Vatinii,

174 2224 202 2260 “
220 2223 254 2292 δι
282 2219 396 2310 Helii,
429 2226 464 2294 &
494 2218 620 2294 Haloti
649 2197 867 2316 paraverunt.
910 2220 1056 2294 Minore
1072 2246 1153 2293 ava-

174 2333 201 2380 ct
221 2338 297 2412 ritis
314 2366 354 2413 ac
373 2339 515 2412 licentii
534 2341 700 2437 grassatus
717 2343 797 2414 esset
813 2343 859 2414 T.
877 2340 1014 2428 Vinius,
1046 2340 1154 2436 siipse

173 2464 201 2501 “
218 2457 434 2557 imperasset:
468 2436 564 2533 riunc
583 2462 616 2531 δι
635 2457 804 2557 subjeslos
821 2487 884 2535 nos
902 2461 1039 2551 habuit,
1063 2480 1157 2537 tam-‚-

174 2585 201 2620 “
220 2605 328 2676 quam
344 2578 440 2653 suos:
471 2585 504 2653 &
535 2579 632 2668 viles,
664 2600 702 2653 ut
719 2582 859 2656 alienos.
912 2585 994 2665 Una
1012 2582 1070 2655 illa
1086 2581 1152 2653 do·

174 2706 203 2741 “
221 2727 298 2773 mus
329 2699 453 2774 sufficit
487 2699 671 2790 donativo,
705 2703 803 2799 quod
832 2702 934 2776 vobis
957 2728 1152 2800 numquam

175 2823 204 2859 “
220 2819 335 2907 datur,
363 2825 395 2892 δι
421 2823 578 2918 quotidie
602 2825 870 2920 exprobratur.''

221 2939 430 3012 XXXVIII.
459 2947 485 2983 “
506 2946 562 3015 Ac
591 2968 730 3042 nequa
757 2941 876 3015 saltem
903 2943 939 3015 in
965 2940 1151 3017 successore

174 3066 203 3100 “
220 3059 344 3132 Galbae
359 3059 434 3157 spes
452 3063 546 3149 effer,
564 3067 694 3136 arcessit
712 3065 757 3136 ab
774 3062 905 3150 exsilio,
925 3088 1032 3159 quem
1048 3063 1151 3138 t‘risti-
1186 3136 1190 3146 ,

171 3186 201 3221 “
219 3179 265 3252 tis
283 3183 316 3252 δι
334 3180 475 3254 avaritia
497 3181 544 3256 sui
569 3180 985 3280 simillimumjudicabat.
1036 3183 1150 3257 vidis·
1256 3174 1258 3179 ’

171 3307 199 3341 “
216 3301 273 3389 tis,
305 3301 575 3393 commilitones,
613 3303 758 3376 notabili
792 3303 1005 3400 tempestate,
1046 3305 1158 3380 etiam¹

171 3421 301 3493 “deos
335 3420 516 3496 infaustam
544 3424 772 3523 adoptionem
800 3422 1000 3498 aversantes.
1051 3427 1152 3501 Idem

171 3547 199 3584 “
216 3538 364 3632 Ienatsts,
385 3541 479 3617 idem
498 3543 620 3642 populi
637 3543 794 3616 Romani
810 3543 945 3618 animus
963 3546 1021 3619 est.
1068 3546 1151 3619 Ves-

170 3659 199 3703 “
217 3681 268 3734 tra
283 3661 392 3735 virtus
409 3663 637 3761 exspeelatur,
664 3664 758 3760 apud
776 3690 863 3761 quos
894 3691 1001 3741 omne
1028 3665 1149 3738 hones-

171 3787 199 3823 “
216 3779 261 3854 tis
274 3782 422 3888 consiliis
440 3786 556 3874 robur,
578 3787 610 3856 ὅτ
631 3786 698 3855 fine
717 3783 858 3881 quibus,
875 3786 1034 3881 quamvis
1052 3808 1148 3881 egre·
1213 3798 1222 3875 J

651 3904 687 3976 D
