2766 4658
346 341 753 414 Htssonrnrturu
786 334 989 409 Lrs.lV.
1090 358 1156 432 301

180 512 223 584 tis
239 510 417 599 Tribocis,
430 509 738 609 Vangionibusque
755 513 789 581 δι
805 508 1051 584 Caerac‘atibus.
1083 511 1160 583 Tu-

180 652 247 719 tor,
284 632 447 704 Treveris
479 630 738 720 comitantibus,
773 630 881 702 vitato
914 629 1160 726 Mogontiaco,
1224 681 1225 684 ,

181 751 345 849 Bingium
362 754 537 839 concedit,
552 753 663 824 fidens
681 752 774 839 loco,
789 749 875 847 quia
892 769 1034 845 pontem
1048 751 1163 823 Navae

181 872 337 945 fluminis
364 876 572 969 abruperat:
600 870 658 943 sed
682 868 819 943 incursu
838 868 1048 959 cohortium,
1080 895 1164 966 quas

182 994 346 1066 Sextilius
362 994 526 1082 ducebat,
554 999 586 1065 δι
608 1012 741 1088 reperto
759 992 865 1079 vado,
888 988 1042 1087 proditus
1058 988 1164 1063 fusus-

185 1140 267 1212 que.
313 1116 365 1187 Ea
380 1115 479 1186 clade
493 1115 634 1210 perculst
647 1112 789 1185 Treveri
803 1141 814 1198 ;
840 1116 874 1185 ἃ
890 1112 1021 1209 plebes,
1039 1111 1166 1184 omilsts

181 1234 301 1322 armis,
333 1260 395 1330 per
419 1259 520 1333 agros
538 1235 693 1330 palatur:
721 1233 865 1330 quidam
888 1231 1096 1329 principum,
1126 1255 1165 1306 ut

184 1354 290 1451 primi
309 1353 453 1452 posuiffe
471 1356 603 1427 bellum
620 1354 834 1444 vide'rentut,
852 1352 887 1424 in
901 1351 1069 1443 civitates,
1085 1381 1163 1452 quae

183 1472 379 1548 societatem
397 1479 597 1549 Romanam
617 1500 687 1546 non
711 1495 892 1564 exuerant,
923 1453 1182 1575 pe'tfugerunt.¹

78 1651 87 1675 .
184 1596 361 1694 Legiones
389 1623 409 1669 a
436 1599 590 1669 Noresto
625 1598 815 1692 Bonnaque
844 1594 881 1667 in
907 1596 1093 1683 Treveros,
1124 1617 1166 1669 ut

184 1716 284 1813 supra
313 1718 600 1806 memoravimus,
629 1717 809 1805 traductae,
834 1715 867 1788 se
895 1715 982 1813 ipsas
1006 1716 1042 1789 in
1060 1720 1167 1790 verba

184 1836 379 1934 Vespafiani
394 1837 554 1935 adigunt.
598 1839 705 1925 Haec‘,
720 1835 907 1909 Valentino
921 1835 1073 1927 absente,
1093 1836 1166 1936 ges·

184 1932 339 2057 tarqui,
368 1958 427 2031 ubi
440 1959 663 2047 adventabat,
690 1955 820 2046 furens,
844 1959 1038 2055 cunelaque
1055 1958 1166 2032 rursus
1200 2003 1203 2012 s

85 2145 95 2154 ,
183 2079 219 2151 in
232 2082 351 2152 turbas
369 2085 402 2153 &
417 2078 564 2152 exitium
577 2077 822 2166 conversurus,
853 2077 1007 2175 legiones
1024 2079 1060 2151 in
1084 2083 1165 2153 Me-

183 2201 425 2290 diomatricos,
451 2200 577 2273 sociam
591 2199 785 2286 civitatem,
806 2196 1002 2270 abscesstlre.
1038 2202 1165 2272 Valen-

183 2322 276 2394 tinus
292 2348 332 2395 ac
345 2324 463 2394 Tutor
480 2321 515 2392 in
534 2345 629 2392 arma
640 2322 811 2392 Treveros
828 2319 1024 2391 retrahunt:
1047 2318 1166 2393 occisis

184 2440 366 2514 Herennio
382 2466 422 2513 ac
440 2441 601 2514 Numisio
621 2441 756 2539 legatis,
783 2440 855 2539 qud
880 2440 1014 2513 minore
1027 2438 1087 2537 ¹spe
1105 2465 1164 2513 ve-

186 2560 251 2633 niae
275 2560 437 2634 cresceret
456 2561 640 2635 vinculum
658 2561 802 2642 sceleris.
834 2582 841 2600 ‘

180 2733 184 2742 .
234 2683 372 2753 LXXI.
399 2683 483 2754 Htc
503 2683 585 2755 belli
601 2683 704 2756 status
720 2705 806 2773 erat,
833 2685 916 2756 citm
934 2682 1075 2757 Petilius
1099 2686 1167 2757 Ce-
1265 2728 1268 2735 .

184 2799 276 2872 rialis
303 2802 576 2899 Mogontiacum
602 2803 722 2874 venit:
758 2803 830 2902 ejus
861 2805 1015 2877 adventu
1048 2805 1168 2881 erectae

187 2919 273 3018 spes.
315 2919 390 3017 Ipse
409 2947 536 3018 pugnae
555 2922 691 3006 avidus,
710 2929 744 2997 δι
758 2924 1036 3016 contemnendis,
1059 2926 1169 3024 quitm

186 3042 350 3117 cavendis
378 3041 531 3115 hostibus
550 3044 685 3134 melior,
710 3041 837 3119 ferocis
862 3048 1052 3118 verborum
1078 3047 1169 3133 mili-

185 3188 258 3238 tem
277 3163 507 3247 incendebat3
540 3165 602 3237 ubi
625 3163 782 3262 primum
812 3166 981 3262 congredi
1010 3167 1166 3259 licuillet,

186 3287 320 3359 nullam
334 3283 460 3381 proelio
478 3309 614 3356 moram
627 3282 790 3359 facturus.
829 3287 993 3359 Deleclus
1010 3313 1073 3382 per
1085 3294 1170 3363 Gal-

185 3408 269 3479 liam
286 3405 436 3493 habitos,
464 3404 499 3476 in
516 3404 669 3478 civitates
687 3403 843 3492 remittit,
871 3431 912 3478 ac
931 3408 1087 3484 nuntiate
1109 3411 1170 3508 ju·
1277 3491 1280 3494 ,

188 3530 256 3599 bet,
272 3534 298 3569 “
317 3524 467 3599 sufficere
494 3524 641 3621 imperio
665 3524 844 3623 legiones:
876 3523 955 3600 socii
984 3529 1029 3604 ad
1052 3533 1171 3605 munia

190 3653 217 3688 “
238 3646 331 3741 pacis
343 3646 507 3735 redirent,
526 3642 647 3735 securi,
660 3646 757 3718 velut
768 3644 927 3720 confecto
945 3651 1053 3739 bello,
1072 3636 1170 3747 quod

189 3773 218 3820 “
236 3769 407 3847 Romanae
446 3793 571 3847 tnanus
603 3766 850 3866 excepiffent.''
901 3770 1014 3845 Auxit
1046 3794 1086 3841 ca
1118 3794 1169 3842 res
