2752 4710
224 381 273 459 42
429 357 473 435 C.
503 357 773 437 Connaatr
807 354 1015 435 Tncrrr

226 535 489 620 commodatis:
552 537 727 634 longeque
774 531 933 608 interesse
982 529 1212 608 manifestum·

226 657 291 751 est,
326 659 490 755 poffideat
527 656 604 754 quis
635 679 714 751 quae
749 651 890 752 profert,
933 681 979 727 an
1013 672 1209 736 mutuetur..

226 776 366 853 Deinde
405 775 475 874 ipsa
513 775 705 849 multarum
748 773 874 847 artium
915 773 1057 849 scientia
1099 773 1207 849 eriam
1254 762 1256 767 ⁸

222 897 318 973 aliud
348 915 488 993 agentes
512 920 575 968 nos
600 914 717 987 ornat,
745 916 850 994 atque
872 892 931 968 ubi
959 894 1105 987 minime
1129 922 1209 970 cre-¹

223 1020 298 1108 das,
324 1015 455 1091 eminet
482 1016 520 1087 δι
545 1017 695 1089 excellit.
746 1018 858 1115 quue
885 1041 955 1089 non
975 1018 1098 1089 dodus
1126 1041 1209 1090 mo·

222 1137 272 1212 dd
300 1137 338 1209 δι
361 1136 515 1234 prudens
542 1136 691 1229 auditor,
719 1132 776 1210 sed
802 1136 907 1211 etiam
931 1137 1081 1235 populus
1105 1137 1208 1223 intel-

224 1257 329 1356 ligite
366 1282 407 1330 ac
441 1255 557 1330 statim
585 1255 632 1329 ita
657 1257 762 1331 laude
792 1255 1022 1355 prosequitur,
1053 1276 1093 1330 ut
1118 1256 1206 1355 legi·

225 1375 312 1453 tim&
340 1370 516 1468 studuisse,
543 1397 583 1452 ut
609 1404 672 1476 per
699 1402 822 1452 omnes
847 1377 1053 1476 eloquentiae
1082 1403 1205 1452 nume⁴

226 1524 283 1574 ros
314 1497 389 1587 isse,
422 1517 462 1571 ut
494 1497 647 1597 denique
681 1521 856 1584 oratorem
888 1499 991 1573 etiam
1031 1499 1204 1572 fateaturz

228 1643 335 1716 quem
352 1645 423 1692 non
453 1600 547 1717 posse
558 1619 656 1693 aliter
671 1619 841 1712 exsistere,
861 1646 924 1694 nec
941 1619 1102 1694 exstitisse
1125 1644 1207 1692 um·

227 1765 335 1840 quam
352 1741 537 1831 confirm0‚
557 1741 616 1814 nisi
630 1767 725 1832 eum,
745 1741 820 1840 qui,
845 1763 1026 1840 tamquam
1042 1742 1078 1815 in
1093 1741 1207 1815 aciem

226 1860 391 1935 omnibus
412 1861 515 1935 armis
539 1861 734 1953 instruslus,
765 1862 868 1937 sicin
896 1860 1012 1937 forum
1040 1862 1208 1937 omnibus

226 1964 356 2056 artibus
378 2001 529 2053 armatus
552 1980 694 2053 exierit:
719 1983 815 2078 quod
838 1980 928 2056 aded
951 1984 1139 2082 negligitur
1161 1985 1210 2056 ab

226 2103 353 2178 horum
370 2120 570 2198 temporum
592 2097 736 2189 disertis,
763 2101 852 2174 utin
869 2102 1060 2176 aelionibus
1078 2128 1206 2178 eorum

226 2223 287 2298 sex
304 2247 446 2322 quoque
465 2220 656 2319 quotidiani
671 2219 847 2312 sermonis,
868 2217 964 2295 foeda
980 2246 1020 2294 ac
1038 2224 1208 2319 pudenda

226 2344 312 2419 vitia
327 2344 645 2448 deprehendantur,
675 2361 714 2416 ut
738 2342 901 2442 ignorent
928 2344 1036 2441 leges,
1060 2329 1133 2416 non
1152 2363 1208 2419 te·

226 2484 330 2540 neant
346 2462 646 2573 senatusconsulta,
657 2461 716 2562 jus
732 2464 879 2539 civitatis
895 2466 986 2538 ultro
1002 2462 1183 2539 derideant
1197 2487 1209 2540 ε

226 2585 397 2686 sapientiae
422 2583 508 2659 veri)
535 2584 688 2658 studium
716 2586 757 2657 de
782 2605 953 2683 praecepta
981 2585 1210 2682 prudentium
1306 2658 1309 2668 ,

227 2706 364 2807 penitus
388 2705 628 2797 reformident,
658 2706 693 2801 iu
718 2706 929 2804 paucissimos
950 2700 1062 2781 sensus
1085 2707 1123 2778 δι
1146 2733 1210 2780 an-

227 2828 341 2930 gustas
373 2827 555 2902 sententias
586 2827 772 2900 detrudant
813 2828 1061 2928 eloquentiam,
1111 2830 1210 2901 velut

226 2948 408 3050 expulsam
426 2975 534 3047 regno
551 2946 634 3022 suo:
655 2967 692 3022 ut
710 2976 790 3047 quae
806 2949 891 3022 olim
909 2949 1066 3023 omnium
1083 2949 1209 3022 artium

226 3071 372 3146 domina
401 3069 634 3168 pulcherrimo
664 3071 832 3144 comitatu
862 3072 999 3170 pestora
1025 3070 1210 3165 implebat,

225 3206 321 3263 nunc
338 3189 539 3265 circumcisa
561 3190 599 3263 &
624 3211 815 3289 amputata,
841 3195 909 3265 fine
933 3213 1111 3290 apparato,
1138 3193 1211 3264 srn‘e

226 3307 373 3400 honore,
403 3338 502 3408 paene
519 3312 666 3385 dixerim
689 3316 757 3386 fine
775 3294 1000 3412 ingenuitate,
1026 3317 1119 3410 quasi
1136 3332 1205 3384 una

226 3456 271 3505 ex
289 3428 521 3507 sordidissimis
537 3433 701 3525 anificiis,
726 3432 884 3507 discatur.
935 3435 1015 3532 Ego
1032 3435 1120 3505 hanc
1134 3428 1206 3527 pri·
1236 3432 1239 3476 ¹

228 3578 322 3628 mam
350 3555 383 3623 δι
412 3556 622 3652 praecipuam
649 3554 785 3629 causam
810 3556 967 3647 arbitror,
997 3572 1211 3630 currantum

226 3681 271 3753 ab
298 3673 495 3772 eloquenti&
516 3675 741 3772 antiquorum
767 3693 941 3749 oratorum
966 3672 1210 3750 recesserimus.

137 3823 142 3838 ·
227 3800 260 3872 Si
296 3798 396 3873 restes
422 3794 669 3886 defiderantur,
705 3822 791 3894 quos
821 3797 970 3894 potiores
1002 3795 1210 3884 nominab0,
