2820 4694
218 396 221 399 ·
296 353 297 365 i
350 333 740 447 Hrsrortinnuu
774 373 884 443 Ltu.
918 373 982 443 lv.
1074 397 1161 471 *2-93

194 566 197 578 ·
230 548 348 620 LXII.
374 549 505 620 Lumo
532 545 777 636 sextadecima,
809 574 892 621 cum
910 544 1047 620 auxiliis
1065 548 1164 620 simul

178 668 317 756 deditis,
340 669 530 741 aNovesro
553 668 589 740 in
607 666 783 741 coloniam
797 668 1034 740 Treverorum
1055 667 1159 740 trans·
1240 649 1242 659 ,

180 788 277 886 gredi
301 785 456 882 jubetur,
488 787 657 885 praefinitfi
681 784 875 877 di‘e‚'intra
904 814 1011 885 quam
1043 788 1163 861 castris

179 910 373 985 excederet.
401 996 404 1007 y
422 909 589 983 Medium
605 903 712 982 omne
728 929 881 1006 tempus,
900 907 1084 1006 pervarias
1101 935 1162 982 cu·

179 1055 233 1102 ras
258 1031 383 1127 egsre:
421 1029 652 1127 ignavissimus
682 1029 841 1127 quisque,
872 1027 1037 1102 caesorum
1066 1027 1163 1126 apud

180 1151 306 1222 Vetera
323 1152 502 1246 exemplu,
522 1156 706 1247 pauentem
734 1151 858 1223 melior
875 1176 965 1247 pars,
983 1153 1162 1223 rubore&

180 1270 338 1359 infamias,
366 1277 393 1312 “
414 1272 517 1367 quale
534 1272 621 1343 illud
639 1271 714 1359 iter,
734 1272 811 1368 quis
828 1273 901 1344 dux
919 1270 1006 1344 viae?
1035 1275 1162 1344 &om-

181 1397 210 1432 “
230 1385 287 1462 nia
304 1390 339 1460 in
355 1390 495 1464 arbitrio
517 1415 651 1479 eorum,
670 1418 757 1489 quos
774 1391 854 1465 vitae
874 1391 1033 1489 necisque
1049 1392 1163 1464 domis

182 1516 211 1553 “
229 1537 291 1583 nos
310 1510 500 1585 seciffenr.”
549 1512 635 1599 Alii,
662 1513 756 1585 nullst
772 1511 953 1619 dedecoris
977 1515 1073 1602 cord,
1102 1536 1162 1608 pe·

182 1632 335 1721 cuniam,
353 1651 412 1703 aut
429 1630 599 1704 carissima
616 1631 809 1729 sibimetipsi
826 1632 1064 1706 circumdare:
1085 1633 1163 1729 qui-
1199 1618 1206 1629 ξ

179 1755 262 1827 darn
290 1753 455 1850 expedire
484 1779 592 1840 arma,
615 1751 758 1848 telisque
780 1772 959 1849 tamquam
986 1753 1023 1825 in
1051 1753 1163 1826 aciem

179 1872 325 1971 accingi.
376 1876 467 1947 Haec
482 1873 742 1962 meditantibus,
757 1873 899 1945 advenit
919 1872 1160 1970 proficiscendi

68 1980 73 1989 i
178 1995 277 2084 hora,
297 1992 555 2092 exspedatione
567 1993 701 2066 tristior.
750 1993 893 2090 Qippe
911 1993 997 2067 intra
1013 1996 1160 2083 vallum,

178 2114 377 2188 deformitas
402 2117 496 2189 haud
519 2116 663 2213 perinde
686 2112 871 2187 notabilis:
898 2113 1040 2200 detexit,
1058 2115 1159 2211 igno·

177 2236 326 2309 miniam
350 2262 510 2333 campus,
540 2239 572 2307 br
596 2235 680 2309 dies.
733 2231 893 2306 Revulsae
912 2235 1162 2330 Imperatorum

176 2357 361 2454 imagines,
394 2356 564 2427 inhonora
590 2359 697 2453 figna,
728 2352 941 2452 fulgentibus
971 2353 1051 2426 hinc
1080 2355 1161 2429 inde

29 2564 31 2571 Ι
124 2569 128 2573 ,
179 2478 360 2549 Gallorum
381 2475 540 2548 vexillis:
573 2477 675 2549 silens.
697 2502 837 2574 agnsen,
863 2479 896 2548 ὃς
924 2475 1019 2547 velut
1045 2478 1161 2574 longae

167 2596 360 2692 'exsequia
411 2598 496 2669 Dux
523 2597 688 2670 Claudius
716 2599 873 2686 saneim,
899 2597 1016 2669 effosso
1040 2599 1159 2685 oculo,

105 2718 107 2734 ¹
178 2715 274 2787 dirus
290 2740 364 2805 ore,
378 2716 521 2814 ingenio
538 2704 698 2791 debilior.
748 2719 958 2816 Duplicatur
972 2718 1159 2816 flagitium,
1245 2702 1253 2709 .

178 2836 380 2933 postquam,
410 2835 546 2909 desertis
574 2841 811 2912 Bonnensibus
837 2838 964 2929 castris,
994 2840 1099 2910 altera
1125 2837 1158 2911 se

178 2956 272 3054 legio
299 2954 488 3030 miscuerat.
540 2959 586 3032 Et
614 2961 756 3057 vulgar&
780 2982 958 3056 captorum
980 2950 1161 3057 legionum

178 3076 286 3164 sams,
301 3077 433 3166 cundi,
451 3077 510 3175 qui
537 3080 655 3176 paullo
671 3080 750 3152 ante
768 3083 1010 3154 Romanorum
1030 3106 1171 3163 nornen

177 3199 378 3286 horrebant,
407 3221 643 3295 procurrentes
659 3224 703 3272 ex
726 3200 816 3297 agris
833 3199 1011 3296 testisque,
1037 3205 1069 3274 Se
1093 3229 1158 3275 un·
1186 3214 1189 3221 '

178 3320 285 3419 dique
312 3320 421 3408 effufi,
448 3318 583 3393 insolito
609 3319 803 3417 spedaculo
831 3319 980 3394 nimium
999 3317 1158 3398 frueban-
1259 3356 1261 3362 ¹

177 3463 245 3515 tur.
299 3442 384 3514 Non
402 3428 480 3513 tulit
496 3442 550 3513 ala
566 3438 746 3512 Picentina
775 3438 941 3537 gaudium
968 3437 1157 3519 insultantis

177 3562 300 3659 vulgi3
323 3560 508 3660 spretisque
525 3559 639 3635 Sancii
658 3557 842 3656 promissis,
860 3581 919 3632 aut
936 3559 1052 3650 minis,
1071 3568 1155 3638 Mo-

179 3681 381 3779 gontiacum
394 3687 542 3757 abeunt:
569 3707 609 3755 ac
627 3679 715 3752 forte
733 3680 840 3764 obvio
852 3678 1069 3755 intersedore
1086 3682 1156 3754 Vo-

177 3802 265 3877 culae
283 3804 467 3904 longino
493 3801 657 3901 conjeslis
679 3801 715 3875 in
732 3828 813 3878 eum
831 3802 919 3893 telis,
940 3800 1077 3874 initium
1096 3827 1156 3875 ex·

627 3927 710 4022 Ur
