2766 4658
282 368 534 445 Drnnoous
573 389 629 440 ort
665 370 988 442 Onuronrnus.
1086 385 1133 462 29

163 539 331 614 Coelianis
355 542 595 616 orationibus?
625 551 751 638 nempe
767 545 821 615 hae
847 543 998 640 placent,
1025 541 1137 611 sinon
1172 608 1175 614 .

75 674 81 681 '
163 660 346 753 universae,
371 685 404 735 at
430 684 541 758 partes
569 687 703 752 earum,
726 662 760 734 in
783 662 909 758 quibus
932 661 1076 733 nitorem
1100 659 1138 730 δι

161 781 379 855 altitudinem
406 785 532 855 horum
559 802 759 877 temporum
782 780 1010 878 agnoscimus.
1058 780 1137 851 Sor·

162 901 222 972 des
241 924 357 991 autem
375 907 575 989 verborum,
599 901 636 971 δε
660 902 757 1002 hians
775 901 994 997 compositio,
1021 900 1057 971 δι
1082 899 1139 970 in·

161 1023 293 1094 conditi
318 1022 429 1095 sensus
454 1022 611 1093 redolent
633 1021 896 1116 antiquitatem:
929 1047 992 1093 nec
1015 1044 1139 1118 quem·
1175 1028 1177 1038 ⁴
1277 1026 1282 1041 ¹

159 1165 270 1237 quam
300 1141 388 1213 adei)
417 1140 648 1237 antiquarium
672 1163 771 1237 puto,
795 1160 833 1213 ut
850 1142 1004 1213 Coelium
1030 1167 1074 1212 ex
1100 1144 1140 1213 ea

163 1281 259 1359 parte
277 1263 406 1349 laudet,
428 1264 496 1358 qual
512 1261 674 1358 antiquus
692 1260 752 1333 est.
802 1262 1045 1332 Concedamus
1062 1259 1139 1332 sane

162 1382 205 1452 C.
222 1381 359 1469 Caesari,
376 1403 415 1453 ut
438 1403 575 1478 propter
592 1380 870 1478 magnitudinem
887 1378 1141 1477 cogitationum

159 1500 198 1570 &
227 1501 474 1598 occupationes
492 1527 619 1592 rerum,
650 1501 765 1574 minus
788 1500 823 1571 in
842 1498 1040 1597 eloquentia
1057 1499 1139 1587 effe·

159 1622 258 1710 cerit,
289 1622 398 1718 quam
425 1623 585 1696 divinum
615 1621 686 1720 ejus
710 1620 890 1718 ingenium
919 1619 1138 1717 postulabate

158 1762 232 1814 tam
251 1743 403 1831 hercule,
422 1744 529 1838 quam
546 1746 693 1815 Brutum
713 1738 937 1838 philosophia
954 1740 1020 1813 suae
1038 1741 1139 1812 relin·
1213 1840 1214 1845 ἵ

157 1887 320 1958 quamus.
370 1865 465 1935 Nam
486 1862 521 1934 in
539 1863 753 1936 orationibus
771 1861 1024 1934 minoremeffe
1047 1859 1140 1934 fama

159 1981 230 2071 sua,
261 1982 367 2055 etiam
401 1983 624 2057 admiratores
651 1981 722 2081 ejus
755 1981 923 2054 fatentur:
959 1980 1020 2054 nisr
1049 1978 1140 2053 forte

158 2102 342 2201 quisquam
374 2125 433 2176 aut
466 2101 604 2177 Caesaris
638 2128 701 2198 pro
733 2103 844 2174 Decio
877 2102 1044 2190 Samnite,
1080 2119 1140 2172 aut

161 2224 254 2298 Bruti
272 2250 337 2321 pro
355 2222 520 2319 Dejotaro
537 2244 632 2317 rege,
660 2221 854 2315 ceterosque
872 2218 1023 2319 ejusdem
1040 2221 1139 2292 lenti·
1239 2275 1242 2288 .

101 2373 103 2377 ·
156 2344 286 2415 tudinis
304 2367 344 2414 ac
365 2340 491 2435 teporis
513 2338 619 2410 libros
642 2338 739 2435 legit,
769 2337 829 2411 nisi
848 2338 959 2435 qui&
985 2338 1139 2412 carmina

156 2460 364 2554 eorumdem
388 2457 554 2530 miratur:
580 2455 735 2529 fecerunt
755 2457 848 2531 eninr
865 2459 902 2529 δε
919 2459 1084 2548 carmina,
1102 2459 1140 2530 δι

156 2578 193 2651 in
208 2578 432 2671 bibliothecas
444 2577 645 2668 retulerunt,
661 2601 732 2650 non
745 2579 868 2651 melitis
881 2580 989 2676 quam
1002 2577 1139 2669 Cicero,

157 2718 194 2770 at
210 2696 356 2788 felicibs,
376 2698 457 2795 quia
474 2696 549 2769 illos
566 2695 680 2770 feciffe
698 2697 875 2795 pauciores
890 2697 1011 2772 sciunt.
1061 2704 1139 2775 Asi·

158 2816 238 2891 nius
260 2842 417 2916 quoque,
440 2843 655 2915 quamquam
680 2818 900 2914 propioribus
924 2820 1139 2917 temporibus

158 2957 258 3010 natus
285 2942 336 3027 fit,
362 2939 499 3011 videtur
516 2937 603 3010 mihi
627 2938 716 3011 inter
742 2939 981 3013 Menenios&
1000 2940 1139 3036 Appios

158 3057 335 3130 studuisse.
384 3058 578 3153 Pacuvium
597 3058 702 3148 certe,
731 3058 770 3130 δι
796 3058 960 3148 Accium,
986 3085 1058 3133 non
1085 3060 1138 3135 so-

158 3178 234 3251 lirrn
252 3176 446 3275 tragoediis,
473 3178 652 3251 sedetiam
675 3178 888 3253 orationibus
913 3179 978 3252 suis
1000 3182 1138 3278 expres·

157 3302 220 3371 sit:
248 3298 335 3370 adeo
351 3298 457 3371 durus
474 3299 512 3369 δι
537 3302 642 3372 siccus
658 3299 718 3372 est.
768 3297 890 3372 Oratio
906 3320 1037 3391 autem,
1058 3306 1141 3376 sicut

158 3443 283 3514 corpus
293 3418 458 3508 bominis,
471 3444 512 3491 ea
528 3418 674 3491 demum
691 3420 836 3515 pulchra
848 3418 909 3508 est,
927 3419 963 3492 in
983 3423 1050 3517 qud
1067 3446 1139 3493 non

158 3536 313 3610 eminent
331 3565 443 3630 venae,
462 3563 526 3611 nec
542 3539 612 3610 offa
628 3560 869 3627 numerantur,
887 3537 945 3613 sed
969 3560 1139 3637 tempera·

29 3758 32 3765 ι
135 3720 137 3725 ,
160 3675 215 3727 tus
229 3681 269 3729 ac
291 3661 405 3731 bonus
428 3657 566 3757 sanguis
589 3658 712 3755 implet
730 3662 903 3749 membra,
934 3660 1139 3757 &exsurgit

158 3773 253 3866 toris,
281 3777 437 3878 ipsosque
461 3803 586 3854 nervos
607 3781 715 3855 rubor
738 3780 823 3879 tegit
852 3778 888 3852 δε
915 3779 1020 3853 decor
1040 3803 1138 3854 com·
