2844 4704
245 362 313 449 148
445 358 514 432 Ὀ.
546 359 822 433 Connatrr
858 360 1062 437 Tncrrt

168 577 171 585 .
246 534 427 607 diatoriam
450 535 619 636 saginam,
639 535 831 610 dividebat.
882 536 929 608 Et
955 530 1059 608 effusa
1089 535 1223 632 plebes,

244 655 324 729 totis
351 652 384 728 se
402 656 514 729 castris
533 655 726 729 miscuerat.
776 653 965 730 lucutiosos
981 655 1121 745 milites,
1147 680 1224 728 ver·

146 846 150 859 ,
245 779 381 867 naculd‚
416 797 455 850 ut
485 780 661 865 rebantur,
692 776 895 866 urbanitate,
923 776 1067 875 quidam
1100 775 1225 874 spolia-v

234 897 344 1009 uere,
363 894 496 971 abscisis
513 895 634 970 furtim
652 896 786 985 balteis,
814 905 842 940 “
860 923 904 969 an
926 896 1069 970 accindi
1086 895 1227 970 forent”
1260 904 1265 911 '

246 1015 446 1115 rogitantes.
495 1019 582 1091 Non
605 1016 685 1089 tulit
710 1016 900 1091 ludibrium
928 1018 1073 1091 insolens
1099 1036 1226 1091 contu·
1295 1006 1301 1021 ⁸
1360 1107 1364 1114 ι

247 1136 361 1210 meliae
388 1137 548 1211 animus:
578 1137 744 1209 inermem
775 1141 947 1234 populum
977 1138 1099 1236 gladiis
1131 1138 1228 1210 inva-

248 1261 338 1331 sere:
369 1255 473 1330 caesus
502 1257 589 1330 inter
616 1258 700 1330 alios
728 1279 824 1354 pater
850 1257 982 1346 militis,
1003 1258 1086 1330 cum
1117 1258 1229 1332 filium

235 1378 487 1466 'comitaretuu
522 1378 648 1450 deinde
681 1378 839 1475 agnitus;
876 1383 911 1451 ilc
944 1380 1086 1478 vulgati
1120 1380 1229 1472 caede,

249 1519 479 1594 temperatum
500 1501 546 1571 ab
574 1498 736 1572 innoxiis.
787 1502 827 1572 ln
852 1501 954 1572 Urbe
981 1520 1100 1572 tamen
1130 1499 1230 1596 trepi-
1329 1572 1341 1583 ,

247 1619 384 1707 datum,
412 1620 697 1715 praecurrentibus
722 1618 841 1716 paffim
868 1618 1049 1691 militibus.
1099 1621 1245 1693 Forum·

248 1737 404 1810 maxime
424 1743 600 1836 petebant,
627 1740 790 1837 cupidine
808 1738 937 1813 visendi
953 1741 1085 1830 locum,
1104 1740 1138 1812 in
1157 1765 1229 1838 quo

248 1858 363 1932 Galba
384 1856 553 1955 jacuisset.
604 1862 681 1945 Nec
703 1860 818 1933 minus
839 1859 969 1933 saevum
997 1859 1229 1958 spellaculum

248 1999 344 2051 erant
368 1979 443 2076 ipsi,
473 1979 579 2078 tergis
602 1978 749 2052 ferarum
770 1985 804 2052 ὅτ
829 1980 1029 2078 ingentibus
1053 1980 1131 2054 telis
1149 1984 1230 2054 hou

249 2120 374 2191 rentes,
397 2100 478 2205 clim
505 2102 643 2175 turbam
672 2100 791 2197 populi
819 2126 880 2198 per
909 2099 1093 2179 inscitiam,
1109 2128 1232 2198 parum

250 2221 411 2308 vitarent,
435 2239 492 2294 aut
509 2220 572 2293 ubi
597 2220 731 2294 lubrico
749 2220 831 2310 viae,
854 2223 910 2293 vel
926 2218 1068 2294 occursu
1086 2220 1231 2319 alicujus

251 2341 489 2439 procidissent,
521 2343 566 2415 ad
588 2340 764 2440 jurgium,
789 2367 875 2414 mox
899 2341 942 2414 ad
968 2345 1141 2422 manus&
1159 2339 1230 2427 vfer·

250 2488 330 2536 rum
348 2464 533 2534 tranfirent.
585 2461 683 2559 Qrin
701 2466 735 2553 δι
752 2460 881 2535 tribuni
898 2460 1129 2559 prafeelique,
1148 2487 1230 2537 cum
1269 2481 1274 2490 “

249 2604 377 2656 terrore
394 2567 428 2654 bt
452 2603 662 2655 armatorum
679 2581 824 2654 catervis
841 2581 1044 2654 volitabant.
1151 2612 1154 2620 ·

298 2701 512 2776 LXXXIX.
537 2703 622 2774 Insa
665 2701 837 2792 Vitellius,
880 2727 900 2774 a
941 2704 1056 2775 Ponte
1085 2704 1232 2795 Milvio,

252 2822 376 2922 insigni
394 2847 500 2920 equo,
532 2823 713 2921 paludatus
732 2821 986 2920 accindusque,
1016 2821 1171 2898 senatum
1199 2831 1250 2899 a·

252 2946 423 3040 populum
442 2965 520 3017 ante
538 2940 571 3016 se
586 2968 707 3041 agens,
720 2941 924 3041 quominus,
942 2962 981 3016 ut
995 2965 1148 3043 captam,
1162 2947 1234 3018 Ur-

105 3063 108 3070 ’
253 3065 335 3135 bem
365 3060 617 3159 ingrederetur,
647 3063 841 3136 amicorum
868 3064 1010 3138 confilio
1035 3056 1233 3156 deterritus,

252 3181 389 3278 sumpta
423 3186 589 3278 ptaetexta
614 3187 648 3255 δι
678 3187 869 3279 composito
903 3182 1056 3281 agmine,
1092 3186 1232 3259 inceffit.

153 3302 159 3323 “
253 3306 413 3400 Qratuor
440 3304 620 3402 legionum
648 3303 772 3400 aquilae
790 3328 864 3399 xper
888 3302 1052 3393 frontem,
1073 3304 1237 3378 totidem-

255 3448 325 3521 que
350 3421 484 3495 circae
513 3423 708 3522 legionibus
736 3422 811 3497 aliis
833 3424 974 3515 vexilla,
1000 3446 1085 3498 mox
1100 3425 1237 3500 duode-

257 3544 327 3619 cim
346 3543 479 3614 alarum
497 3547 604 3640 figna,
625 3549 659 3617 br
678 3544 754 3641 post
771 3544 927 3642 peditum
941 3546 1094 3635 ordines,
1112 3570 1236 3645 equesz

258 3665 339 3741 dein
359 3665 557 3762 quatuor&
574 3663 716 3760 triginta
731 3665 905 3754 cohortes,
930 3685 971 3738 ut
987 3666 1131 3740 nomina
1152 3681 1239 3766 gen·'

254 3787 356 3880 tium,
376 3804 434 3860 aut
450 3778 578 3881 species
594 3782 1088 3877 arm0n1mf0rent‚discretae.
1137 3791 1233 3864 Ante
