2752 4710
274 374 318 429 η
479 351 521 426 C.
559 349 800 425 Conurssrr
836 343 1014 423 Tscrr'r

269 525 387 623 saepiirs
404 527 528 623 vulgus
545 524 756 622 imperitum,
775 525 808 595 δι
825 523 998 597 tunicatus
1014 520 1070 596 hic
1083 519 1237 621 populus

269 645 472 718 transeuntes
499 645 637 718 nomine
662 663 776 733 vocat,
806 644 969 742 &digito
992 642 1233 717 demonstrat?

268 766 424 840 Advenae
443 788 582 861 quoque
606 767 640 834 δι
670 763 851 860 peregrini,
875 762 945 857 jam
971 764 1005 835 in
1036 762 1237 859 municipiis

267 891 300 958 δι
318 883 460 957 coloniis
476 881 542 956 suis
559 882 706 971 auditos,
732 884 813 956 cum
832 882 981 980 primum
998 885 1134 957 Urbem
1152 883 1236 955 atti·

240 1074 241 1077 ,
266 1023 402 1102 gerunt,
432 1003 620 1100 requirunt,
642 1028 682 1075 ac
707 1004 820 1076 vultus
846 1002 1028 1101 agnoscere
1053 1001 1239 1099 concupis-

264 1145 359 1198 cunt.

313 1247 409 1317 VIII.
429 1249 558 1317 Ausrnr
572 1243 792 1331 contendere,
807 1245 1013 1316 Marcellum
1027 1246 1120 1316 hunc
1133 1244 1235 1338 Epri-

268 1392 344 1454 um,
369 1365 413 1436 de
429 1390 501 1460 quo
514 1360 626 1436 ‘modo
643 1364 777 1435 locutus
794 1361 883 1452 sum,
909 1364 946 1434 dc
962 1362 1120 1461 Crispum
1135 1361 1236 1436 Vibi·

267 1512 329 1559 um
354 1483 533 1578 (libentius
550 1482 641 1555 enim
660 1483 758 1555 novis
776 1483 813 1553 bt
830 1484 1033 1574 recentibus,
1058 1485 1164 1580 quim
1182 1509 1237 1557 re-

268 1605 370 1678 motis
386 1602 621 1676 &obliteratis
638 1602 805 1700 exemplis
822 1606 918 1696 utor)
940 1629 1009 1676 non
1039 1603 1152 1677 mimis
1169 1607 1239 1678 else

267 1726 302 1796 in
326 1724 488 1797 extremis
506 1722 658 1819 partibus
674 1711 850 1813 teirarum,
877 1724 983 1821 quiam
1009 1725 1148 1820 Capuae,
1174 1751 1220 1797 au

265 1843 441 1930 Vercellis,
467 1843 526 1915 ubi
549 1843 619 1914 nati
636 1842 822 1917 dicuntur:
857 1868 920 1917 nec
938 1824 1006 1919 hoc
1028 1845 1077 1916 illi
1095 1847 1235 1919 alterive

264 1980 316 2035 ter
344 1962 464 2035 millies
489 1960 674 2035 sestertiiun
693 1963 835 2060 praestat,
865 1989 1075 2061 quamquam
1092 1966 1144 2038 ad
1174 1967 1238 2040 has

266 2081 353 2179 ipsas
370 2108 452 2180 opes
469 2084 604 2180 poliunt
622 2082 731 2155 videri
752 2082 954 2178 eloquentiae
977 2085 1145 2156 beneficio
1173 2111 1236 2158 ve·
1351 2075 1355 2088 ’

266 2203 365 2292 niffe,
383 2202 439 2276 sed
462 2201 531 2300 ipsa
548 2202 759 2300 eloquentia,
785 2199 879 2299 cujus
895 2226 1023 2275 numen
1039 2203 1075 2272 δι
1092 2205 1239 2279 caelestis

266 2324 318 2396 vis
336 2325 445 2396 multa
457 2323 598 2420 quidem
612 2323 774 2395 omnibus
790 2320 919 2397 saeculis
936 2321 1095 2419 exempla
1107 2322 1237 2416 edidit,

264 2447 310 2517 ad
328 2464 489 2542 quantam
506 2440 612 2540 usque
634 2440 808 2516 fortunam
826 2443 982 2516 homines
1006 2442 1132 2540 ingenii
1151 2443 1236 2516 viri·

265 2569 329 2640 bus
347 2563 572 2662 pervenerint.
621 2565 688 2636 Sed
715 2565 803 2652 haec,
829 2562 989 2659 utsupra
1016 2562 1104 2652 dixi,
1128 2550 1237 2658 prox-

265 2688 349 2775 ima,
375 2692 506 2781 &quae
533 2708 605 2755 non
633 2682 749 2755 auditu
768 2681 1019 2781 cognoscenda,
1043 2682 1100 2755 sed
1117 2664 1238 2756 'oculis

263 2806 446 2903 spectanda
462 2805 677 2875 haberemus.
727 2804 824 2876 Nam
841 2801 912 2899 qub
928 2800 1096 2877 sordidius
1120 2804 1157 2875 δι
1172 2806 1235 2877 ab·

256 2925 383 3022 jectiirs
409 2923 479 2998 nati
505 2921 593 3012 sunt,
620 2923 760 3020 quoque
788 2923 973 2997 notabilior
991 2936 1169 3021 paupertas
1196 2924 1237 2996 &

264 3045 422 3144 angustia
449 3070 562 3117 rerum
580 3041 752 3116 nascentes
775 3068 833 3116 eos
855 3043 1159 3132 circumsteterunt,
1190 3047 1235 3116 eo

263 3166 418 3254 clariora,
449 3169 481 3238 ἃ
509 3166 552 3237 ad
571 3163 871 3237 demonstrandam
894 3164 1048 3237 oratoriae
1070 3166 1238 3259 eloquen-

264 3281 322 3353 tiae
338 3284 519 3357 utilitatem
536 3284 728 3357 inlustriora
751 3286 913 3380 exempla
932 3282 1031 3357 sunt:
1058 3284 1151 3381 quod
1167 3288 1239 3357 fine

264 3404 567 3476 commendatione
590 3404 769 3494 natalium,
798 3406 865 3476 srne
892 3402 1071 3478 substantia
1094 3403 1238 3476 faculta-

263 3542 355 3610 tum,
381 3543 499 3595 neuter
516 3525 671 3597 moribus
697 3522 872 3622 egregius,
897 3525 981 3596 alter
1002 3523 1118 3597 habitu
1144 3549 1237 3620 quo·

264 3668 333 3741 que
349 3643 501 3738 corporis
525 3665 757 3739 contemptus,
787 3669 848 3740 per
874 3645 1002 3716 multos
1025 3642 1099 3740 jam
1126 3668 1241 3718 annos

154 3823 160 3834 .
266 3761 487 3861 potentiffimi
503 3759 580 3835 sunt
597 3764 757 3855 civitatis,
783 3789 837 3854 ac,
866 3764 978 3836 donec
997 3762 1112 3854 libuit,
1140 3764 1238 3860 prin·
