2844 4704
253 362 344 431 120¹
441 335 779 446 morentur
813 336 1020 410 ‘rtem
1068 320 1073 327 ⁵

248 510 361 583 didit:
392 512 427 580 δι
442 509 624 606 explorato
634 509 709 608 jam
727 508 898 608 profeClos
914 507 1057 600 amicos,
1085 503 1223 582 noctem

251 625 414 727 quietam,
444 648 550 724 utque
577 631 781 719 affirmatur,
809 655 880 703 non
914 626 1107 702 insomnem
1136 627 1222 727 egit.

248 753 346 822 Luce
369 746 492 843 primlt,
519 748 554 820 in
571 747 701 822 ferrum
718 754 856 848 pectore
874 749 1057 824 incubuit:
1088 750 1133 821 ad
1162 773 1223 846 ge·

247 869 371 941 mitum
388 867 579 957 morientis,
595 868 731 967 ingteffi
748 870 874 959 liberti,
892 870 1065 967 servique,
1084 874 1118 942 δι
1140 868 1222 941 Plo·

247 984 312 1061 tius
329 988 482 1074 Firmus,
502 987 651 1083 praetorii
679 989 874 1085 praefectus,
895 1015 1006 1063 unum
1025 990 1151 1062 vulnus
1169 987 1223 1060 in-

245 1108 382 1183 venere.
432 1109 552 1182 Funus
581 1126 818 1181 maturatum:
849 1109 1037 1183 ambitiosts
1057 1109 1092 1181 id
1111 1106 1221 1206 preci·

246 1231 312 1301 bus
340 1225 494 1323 petierat,
528 1232 556 1270 “
584 1250 631 1298 ne
658 1247 893 1324 amputaretur
925 1248 1046 1325 caput,
1073 1227 1225 1303 ludibrio

247 1355 274 1393 ‘⁸'
292 1346 483 1420 futurum.''
532 1347 663 1423 Tulere
697 1372 822 1444 corpus
858 1348 1025 1445 praetoriae
1057 1348 1225 1437 cobortes,

245 1490 328 1542 tum
355 1466 516 1540 laudibus
541 1470 576 1538 δι
595 1466 759 1556 lacrimis,
789 1470 915 1541 vulnus
941 1465 1131 1565 manusque
1154 1464 1226 1564 ejus
1332 1477 1334 1481 ’

246 1587 493 1665 exosculantes.
542 1587 699 1684 Qidam
716 1586 882 1678 militum,
906 1586 1010 1686 juxta
1026 1612 1154 1686 rogum
1171 1588 1225 1661 in·

245 1705 410 1781 terfecere
439 1705 497 1793 se3
531 1728 603 1780 non
631 1712 738 1797 noxe,
767 1733 880 1806 neque
905 1711 953 1783 ob
984 1728 1133 1799 metunt,
1166 1706 1225 1783 sed
1276 1787 1280 1799 ¹

245 1827 468 1907 aemulatione
484 1827 631 1917 decoris,
661 1832 694 1901 δε
712 1827 851 1902 caritate
867 1829 1065 1926 Principis:
1089 1852 1130 1908 ac
1147 1825 1222 1925 pos·

245 1969 315 2040 tea,
355 1946 546 2046 promiscue
575 1945 744 2036 Bebriaci,
780 1948 978 2040 naemu,
1014 1920 1158 2046 utrt‘que
1189 1948 1226 2020 tn

246 2069 371 2159 castris,
398 2071 608 2144 celebratum
632 2066 670 2140 id
698 2090 806 2165 genus
830 2068 963 2142 mortis.
1012 2068 1147 2141 Othoni
1174 2067 1223 2142 se-‘

248 2192 433 2292 pulchrum
450 2185 666 2261 exstructum
678 2187 742 2278 est,
752 2188 948 2277 modicum,
961 2191 995 2260 δι
1011 2185 1225 2262 mansurum.

289 2313 342 2384 L.
356 2313 489 2411 *Hunc
522 2308 603 2386 vitae
621 2311 729 2381 finem
754 2305 874 2381 habuit
900 2303 1096 2404 septimo&
1122 2304 1223 2381 trice·

246 2437 331 2506 suno
346 2430 454 2506 aetatis
476 2455 579 2503 anno.
629 2428 743 2527 Origo
769 2427 820 2501 illi
844 2453 863 2501 e
892 2425 1082 2524 municipio
1097 2429 1225 2499 Feren-

132 2528 136 2536 Α
245 2553 332 2629 tin0.
382 2554 482 2629 Pater
505 2547 716 2633 consulatis;
747 2572 832 2621 avus
860 2547 1064 2643 praetorius:
1099 2566 1223 2620 mater-

243 2698 332 2748 num
350 2696 459 2770 genus
472 2671 597 2766 impar,
617 2692 680 2741 nec
696 2688 814 2742 tamen
832 2667 1063 2764 indecorum:
1083 2666 1228 2764 pueritia

245 2816 286 2866 ac
308 2789 467 2889 juvente,
494 2791 633 2889 qualem
661 2787 953 2863 monstravimus:
980 2791 1118 2862 duobus
1145 2787 1226 2862 faci.

245 2913 402 3003 notibus,
429 2913 536 2990 altero
552 2908 823 3008 flagitiostssimo,
841 2911 949 2983 altero
965 2909 1122 3008 egregio,
1152 2928 1226 2981 tan-

245 3032 406 3106 tumdem
423 3031 516 3128 apud
535 3031 687 3129 posteros
704 3030 829 3103 meruit
846 3032 946 3104 bonae
971 3027 1088 3117 fama,
1112 3053 1224 3125 quan-

224 3172 322 3239 ,tum
340 3151 451 3225 malae.
502 3154 554 3223 Ut
578 3150 780 3248 conquirere
796 3149 962 3238 fabulosa,
988 3154 1021 3221 δι
1046 3147 1136 3220 liciis
1159 3151 1224 3221 ob-

247 3271 373 3343 leclare
390 3272 584 3370 legentium
609 3269 759 3360 animos,
786 3271 907 3366 procul
926 3267 1090 3367 gravitate
1114 3266 1224 3363 coepti

244 3389 358 3486 operis
380 3392 613 3480 credideritn3
640 3393 688 3465 ita
703 3391 853 3489 vulgatis
869 3388 1068 3485 traditisque
1084 3387 1226 3460 demeto

247 3511 357 3584 fidem
374 3532 444 3580 non
468 3513 587 3583 ausim.
640 3518 667 3554 “
686 3510 768 3600 Die,
794 3535 867 3607 quo
893 3506 1044 3582 Bebriaci
1072 3509 1226 3581 certaba-

248 3639 276 3677 “
296 3651 364 3719 tur,
390 3652 492 3700 avem
521 3629 686 3706 invisitati
701 3620 825 3727 specie,
855 3631 949 3726 apud
971 3628 1130 3727 Regium
1153 3631 1228 3700 Le-

215 3791 218 3799 =
246 3760 274 3808 ⁶‘
293 3751 416 3864 pidum
433 3747 562 3834 celebri
591 3748 671 3831 rico
694 3749 918 3840 consediffe,'’
947 3748 1072 3832 incolae
1089 3771 1224 3829 memo·
