2844 4704
315 358 719 434 Htsroarnrrttru
749 352 934 427 tran.
1059 376 1124 445 141

854 469 860 497 t

146 528 311 627 Judaicus
327 532 499 606 exercitus
521 529 644 630 quinto
668 532 793 602 Nonas
816 527 926 624 Julias
952 528 1047 624 apud
1072 529 1126 625 ip
1237 517 1243 524 ’

146 654 221 727 sum
240 651 393 751 jurasset,
413 672 455 726 eo
480 653 616 741 ardore,
634 670 673 725 ut
698 676 742 723 ne
757 650 860 722 Titus
877 648 1020 746 quidem
1038 648 1129 721 lilius

149 771 533 871 exspectaretur,.8yrial
551 796 721 861 remeans,
748 775 780 843 δι
805 769 1023 843 consiliorum
1041 767 1130 841 inter

146 894 357 968 Mucianum
372 919 412 967 ac
435 913 568 990 patrem
589 893 750 965 nuntius:
770 894 896 964 cuncta
911 891 1045 987 impetu
1063 890 1129 962 mi-

148 1013 248 1088 litum
277 1016 351 1087 acta
365 1026 381 1087 :'
403 1039 475 1086 non
500 1015 616 1112 parata
638 1012 821 1103 concione,
839 1036 910 1084 non
932 1008 1128 1107 conjundis

149 1135 358 1233 legionibus.
802 1226 805 1234 k
1061 1121 1063 1126 ’

195 1257 353 1328 LXXX.
370 1256 469 1327 Dura
487 1252 651 1352 quaeritur
667 1272 805 1350 tempus
815 1249 995 1350 locusque,
1014 1253 1129 1351 quod-

93 1467 98 1475 *
149 1401 220 1475 que
245 1374 281 1446 in
305 1399 342 1447 re
364 1374 424 1447 tali
440 1373 686 1447 difficillimum
705 1373 768 1463 est,
791 1372 902 1470 prima
918 1399 1012 1459 uox3
1042 1373 1130 1446 dum

148 1494 269 1569 animo
285 1493 373 1591 spes,
387 1494 506 1584 timor,
526 1494 625 1584 ratio,
639 1492 734 1567 casus
750 1493 975 1590 obversantur
986 1522 1005 1579 3*
1016 1492 1129 1590 egres·
1237 1483 1239 1487 ¹

150 1613 224 1687 sum
257 1614 420 1689 cubiculo
448 1613 710 1712 Vespafianum,
749 1614 849 1712 pauci
868 1599 1004 1688 milites
1029 1613 1131 1687 solito

147 1735 339 1808 adsistentes
358 1735 494 1825 ordine,
523 1758 563 1809 ut
580 1737 738 1834 legatum
766 1732 959 1824 salutaturi,
981 1735 1131 1830 Im'pera-

149 1869 242 1928 torem
259 1857 458 1929 salutavere.
507 1844 606 1929 Tum
623 1856 742 1947 ceteri,
756 1857 951 1946 adcurrere,
967 1856 1131 1953 Caesarem,

150 1982 185 2050 u
198 1977 381 2072 Augustum,
401 1977 570 2051 &omnia
586 1977 802 2075 principatus
817 1979 988 2050 vocabula
1004 1982 1130 2051 cumu-
1223 2019 1225 2022 ·

148 2097 240 2170 lare:
281 2122 422 2173 mensa
446 2120 542 2172 metu
574 2098 621 2171 ad
646 2096 823 2172 fortunam
847 2101 1028 2170 transierat.
1087 2100 1130 2171 In

150 2217 223 2315 ipso
242 2218 329 2291 nihil
346 2218 541 2308 tumidum,
567 2219 755 2317 adrogans,
777 2239 836 2292 aut
860 2219 896 2290 in
914 2220 1015 2291 rebus
1032 2218 1132 2292 novis

144 2332 282 2415 ¹novum
309 2336 397 2425 fuit3
426 2361 467 2413 ut
496 2337 651 2436 primum
676 2360 781 2413 tantae
808 2337 1040 2412 multitudinis
1064 2341 1130 2411 ob-

148 2456 258 2533 fusam
275 2459 384 2533 oculis
409 2458 597 2558 caliginem
627 2458 776 2558 disjecit,
807 2458 1001 2532 militariter
1030 2459 1130 2531 locu-

147 2594 216 2669 tus,
235 2580 313 2653 laeta
329 2580 462 2685 omnia,
493 2585 528 2654 ὅ(
544 2581 735 2654 adfluentia
750 2579 910 2678 excepit:
935 2577 1080 2678 jamque
1095 2578 1133 2653 id

148 2697 262 2794 ipsum
271 2700 455 2795 opperiens
465 2701 670 2794 Mucianus,
682 2703 830 2776 alacrem
843 2699 989 2781 militem
1002 2700 1039 2773 in
1054 2725 1132 2774 ver·

150 2812 197 2892 ba
214 2817 409 2916 Vespasrani
426 2821 556 2919 adegit.
604 2805 703 2894 Tum
722 2821 1007 2895 Antiochensium
1031 2823 1130 2894 thea-

148 2956 246 3011 trum
257 2938 438 3036 ingreffus‚
453 2939 514 3013 ubi
531 2939 598 3012 illis
610 2940 800 3017 consultare
816 2968 894 3016 mos
905 2942 968 3032 est,
987 2968 1131 3019 concur·

147 3077 275 3149 tentes,
304 3065 338 3135 δι
355 3060 392 3133 in
408 3052 644 3135 adulationem
669 3063 791 3138 effusos
811 3062 1028 3160 adloquitur:
1054 3064 1133 3138 latis

147 3180 297 3254 decorus
320 3180 425 3255 etiam
454 3184 578 3256 Graeca
597 3181 771 3274 facundia,
794 3183 1027 3279 omniumque
1050 3209 1131 3279 quae

63 3358 65 3363 s
145 3299 289 3392 diceret,
309 3323 414 3400 atque
430 3325 558 3402 ageret,
570 3324 641 3379 arte
653 3304 804 3403 quadam
822 3303 1016 3376 ostentator.
1062 3303 1130 3379 Ni·

146 3418 195 3492 hil
212 3421 311 3520 aque
322 3422 539 3520 provinciam
556 3424 819 3520 exercitumque
831 3422 1004 3513 accendit,
1023 3424 1132 3520 quam
1193 3500 1195 3510 ,

146 3541 245 3638 quod
261 3541 480 3617 adseverabat
498 3544 701 3632 Mucianus,
727 3551 752 3585 “
767 3542 916 3616 statuifl'e
934 3543 1131 3634 Vitellium,

148 3669 176 3703 “
196 3683 233 3735 ut
249 3652 472 3736 Germanicas
490 3663 645 3762 legiones
665 3661 700 3733 in
724 3663 874 3759 Syriam,
903 3665 947 3737 ad
972 3664 1131 3737 militiam

150 3785 398 3881 “opulentam
417 3783 656 3882 quietamque,
681 3783 897 3861 transferret:
928 3785 1048 3858 contra
1066 3784 1129 3877 Sy·
1163 3780 1167 3791 '
