2820 4694
335 328 734 435 Hrsronxtnnunr
763 332 873 403 Ltn.
896 333 958 403 1v.
1066 335 1135 428 287
1228 324 1230 331 ’

168 513 197 551 “
214 505 343 579 derent.
394 500 608 580 Alliciendos
625 505 739 602 potius
757 506 792 578 in
808 505 1024 581 societatem:
1046 506 1139 603 lega·

169 626 258 698 “tis
284 627 418 701 tantiam
449 627 626 725 legionum
652 625 851 714 interstetis,
879 647 1032 698 ceterum
1061 629 1139 700 vul·

169 753 198 788 “
217 771 295 844 gns,
327 745 531 825 conscicntia
561 745 740 833 scelerum,
773 743 884 843 &spe
912 745 1157 840 impunitatis„

170 876 196 912 “
216 865 315 942 facile
342 868 590 939 accessurum.’'
641 869 693 939 Ea
723 866 825 963 primi
847 865 978 940 consilii
999 863 1137 938 forma:
1241 921 1251 935 .

170 988 327 1087 missaque
354 1011 414 1082 per
429 985 560 1059 Gallias
576 987 766 1060 concitores
792 987 884 1060 belli.
933 985 1142 1059 Simulatum

169 1108 246 1206 ipfrs
262 1107 479 1204 obsequium,
507 1104 577 1204 qud
594 1106 818 1180 incautiorem
836 1108 1006 1181 Voculam
1023 1105 1142 1203 oppri-

171 1249 313 1302 merent.
364 1230 445 1300 Nec
479 1225 633 1317 defuere,
665 1226 724 1324 qui
753 1227 898 1299 Voculae
933 1225 1140 1299 nuntiarent.

170 1350 238 1422 Sed
261 1349 349 1420 vires
374 1347 418 1419 ad
442 1349 672 1420 coercendum
690 1348 843 1435 deerant,
870 1340 1143 1445 infrequentibus

172 1462 356 1565 infidisque
381 1467 588 1564 legionibus.
638 1470 731 1540 Inter
752 1467 934 1565 ambiguos
952 1467 1090 1557 milites,
1108 1469 1143 1538 &

171 1594 327 1666 occultos
343 1589 468 1677 hostes,
479 1588 651 1685 optimum
670 1613 690 1659 e
708 1586 926 1684 praesentibus
946 1608 1051 1677 ratus,
1066 1596 1165 1661 mu-'

170 1717 228 1786 tuas
254 1708 535 1798 diffimulatione,
565 1713 599 1781 &
628 1708 762 1797 iisdem,
790 1709 916 1804 quibus
948 1711 1142 1805 petebatur,

170 1833 299 1909 artibus
327 1830 475 1926 grassari,
508 1828 542 1900 in
566 1829 739 1902 coloniam
762 1827 1054 1927 Agrippinensem
1082 1829 1144 1901 de·
1195 1890 1198 1899 s

171 1948 311 2022 scendit.
360 1951 447 2023 Illuc
464 1949 629 2022 Claudius
657 1951 794 2038 Labeo,
824 1975 929 2046 quem
950 1971 1092 2046 captum
1110 1954 1144 2023 δι

172 2093 269 2144 extra
292 2090 506 2144 conventum
530 2072 756 2142 aurandatum
782 2069 817 2141 in
835 2070 958 2142 Frisios
975 2070 1144 2158 diximus,

173 2191 342 2289 corruptis
368 2190 569 2264 custodibus
587 2189 760 2287 perfugit:
790 2187 1043 2286 pollicitusque,
1074 2194 1146 2263 “st

171 2321 200 2357 “
221 2311 412 2410 prae'frdium
430 2311 581 2397 daretur,
609 2309 735 2383 iturum
753 2307 788 2381 in
805 2311 963 2396 batavos,
983 2313 1015 2380 δι
1035 2307 1146 2404 potio·
1216 2397 1217 2400 Ἴ

174 2439 293 2504 “rem
322 2428 471 2501 civitatis
499 2449 632 2525 partem
658 2432 701 2501 ad
729 2428 922 2502 societatem
948 2432 1148 2502 Romanam

175 2558 201 2597 “
220 2551 494 2624 retradurumz''
534 2553 676 2646 accepts
719 2550 878 2647 peditum
919 2551 1147 2647 equitumque

173 2671 310 2743 modic&
329 2695 447 2754 manu,
466 2668 551 2741 nihil
569 2672 665 2765 apud
682 2673 825 2742 Batavos
849 2669 962 2759 ausus,
981 2669 1147 2766 quosdam

174 2788 388 2864 Nerviorum
402 2791 681 2886 Betasrorumque
692 2789 728 2862 in
739 2817 835 2863 arma
847 2790 961 2863 traxit.
1013 2792 1058 2862 Et
1076 2789 1147 2861 fur-

175 2911 238 2983 tim
258 2908 382 3005 magis,
400 2909 507 3006 qulam
526 2910 631 2996 bello,
646 2910 887 2984 Canninefates
905 2907 1148 3006 Marsacosque

176 3025 378 3101 incursabat.
428 3030 575 3118 Vocula,
598 3030 779 3103 Gallorum
797 3028 914 3103 fraude
926 3029 1084 3119 infestus,
1103 3030 1149 3104 ad

175 3150 311 3223 hostem
328 3148 519 3222 contendit.

222 3271 339 3344 LVll.
364 3269 450 3343 Nnc
470 3270 589 3365 procul
611 3268 791 3342 Veteribus
807 3271 938 3356 aberat,
956 3271 1038 3342 clun
1056 3270 1148 3345 Clas-

177 3395 264 3466 sicus
288 3394 322 3462 δι
340 3391 468 3477 Tutor,
487 3412 548 3486 per
573 3388 722 3484 speciem
738 3387 946 3484 explorandi
965 3394 1149 3488 praegressi,

175 3537 256 3584 cum
267 3507 687 3584 ducibus'Germanorum
699 3509 998 3603 padafirmavsre.
1034 3511 1148 3583 Tum·

177 3654 246 3724 que
264 3630 414 3725 primum
440 3627 576 3702 discreti
604 3653 625 3701 a
648 3627 860 3726 legionibus,
892 3630 1032 3725 proprio
1055 3630 1149 3701 vallo

178 3748 285 3829 castra
300 3748 358 3831 sua
375 3750 607 3845 circumdant,
624 3747 816 3825 obtestante
834 3748 979 3839 Vocula,
1009 3757 1036 3793 ‘⁸
1063 3749 1150 3821 Non
