<?xml version="1.0" encoding="UTF-8"?>
<!DOCTYPE html PUBLIC "-//W3C//DTD XHTML 1.0 Transitional//EN"
    "http://www.w3.org/TR/xhtml1/DTD/xhtml1-transitional.dtd">
<html xmlns="http://www.w3.org/1999/xhtml" xml:lang="en" lang="en">
 <head>
  <title>
</title>
<meta http-equiv="Content-Type" content="text/html;charset=utf-8" />
  <meta name='ocr-system' content='tesseract 3.04.00' />
  <meta name='ocr-capabilities' content='ocr_page ocr_carea ocr_par ocr_line ocrx_word'/>
</head>
<body>
  <div class='ocr_page' id='page_1' title='image "./ccorneliitaciti01freigoog_0117.png"; bbox 0 0 2834 5076; ppageno 0'>
   <div class='ocr_carea' id='block_1_1' title="bbox 251 357 1034 444">
    <p class='ocr_par' dir='ltr' id='par_1_1' title="bbox 251 357 1034 444">
     <span class='ocr_line' id='line_1_1' title="bbox 251 357 1034 444; baseline -0.006 0"><span class='ocrx_word' id='word_1_1' title='bbox 251 379 317 444; x_wconf 74' lang='grc' dir='ltr'>ἰη</span> <span class='ocrx_word' id='word_1_2' title='bbox 448 357 1034 439; x_wconf 70' lang='lat' dir='ltr'>C.Coltuac1&#39;1Tnc1rr</span> 
     </span>
    </p>
   </div>
   <div class='ocr_carea' id='block_1_2' title="bbox 176 537 1294 2205">
    <p class='ocr_par' dir='ltr' id='par_1_2' title="bbox 176 537 1294 2205">
     <span class='ocr_line' id='line_1_2' title="bbox 244 537 1218 641; baseline -0.004 -25"><span class='ocrx_word' id='word_1_3' title='bbox 244 544 398 629; x_wconf 87' lang='lat' dir='ltr'>lioribus,</span> <span class='ocrx_word' id='word_1_4' title='bbox 424 538 595 612; x_wconf 86' lang='lat' dir='ltr'>deterrimi</span> <span class='ocrx_word' id='word_1_5' title='bbox 611 542 790 616; x_wconf 87' lang='lat' dir='ltr'>valebant:</span> <span class='ocrx_word' id='word_1_6' title='bbox 822 541 920 615; x_wconf 87' lang='lat' dir='ltr'>miles</span> <span class='ocrx_word' id='word_1_7' title='bbox 942 543 1070 641; x_wconf 82' lang='lat' dir='ltr'>alacer,</span> <span class='ocrx_word' id='word_1_8' title='bbox 1088 537 1149 637; x_wconf 90' lang='lat' dir='ltr'>qui</span> <span class='ocrx_word' id='word_1_9' title='bbox 1166 547 1218 613; x_wconf 76' lang='lat' dir='ltr'>sa·</span> 
     </span>
     <span class='ocr_line' id='line_1_3' title="bbox 241 659 1217 759; baseline -0.006 -22"><span class='ocrx_word' id='word_1_10' title='bbox 241 687 321 737; x_wconf 85' lang='lat' dir='ltr'>rnen</span> <span class='ocrx_word' id='word_1_11' title='bbox 330 660 419 759; x_wconf 78' lang='lat' dir='ltr'>julla</span> <span class='ocrx_word' id='word_1_12' title='bbox 434 661 566 733; x_wconf 92' lang='lat' dir='ltr'>ducum</span> <span class='ocrx_word' id='word_1_13' title='bbox 582 659 809 758; x_wconf 88' lang='lat' dir='ltr'>interpretari,</span> <span class='ocrx_word' id='word_1_14' title='bbox 829 664 937 759; x_wconf 78' lang='lat' dir='ltr'>quam</span> <span class='ocrx_word' id='word_1_15' title='bbox 954 659 1110 756; x_wconf 84' lang='lat' dir='ltr'>exsequi,</span> <span class='ocrx_word' id='word_1_16' title='bbox 1128 661 1217 732; x_wconf 69' lang='lat' dir='ltr'>mal-</span> 
     </span>
     <span class='ocr_line' id='line_1_4' title="bbox 176 773 1222 880; baseline -0.005 -24"><span class='ocrx_word' id='word_1_17' title='bbox 176 773 182 781; x_wconf 38' lang='lat'><em>*</em></span> <span class='ocrx_word' id='word_1_18' title='bbox 244 783 302 856; x_wconf 86' lang='lat' dir='ltr'>let.</span> <span class='ocrx_word' id='word_1_19' title='bbox 345 781 555 854; x_wconf 84' lang='lat' dir='ltr'>Promoveri</span> <span class='ocrx_word' id='word_1_20' title='bbox 589 782 635 853; x_wconf 87' lang='lat' dir='ltr'>ad</span> <span class='ocrx_word' id='word_1_21' title='bbox 668 805 828 880; x_wconf 86' lang='lat' dir='ltr'>quartum</span> <span class='ocrx_word' id='word_1_22' title='bbox 861 809 882 856; x_wconf 88' lang='lat' dir='ltr'>a</span> <span class='ocrx_word' id='word_1_23' title='bbox 915 782 1078 856; x_wconf 86' lang='lat' dir='ltr'>Bebriaco</span> <span class='ocrx_word' id='word_1_24' title='bbox 1110 781 1222 853; x_wconf 90' lang='lat' dir='ltr'>castra</span> 
     </span>
     <span class='ocr_line' id='line_1_5' title="bbox 241 901 1218 1001; baseline -0.002 -27"><span class='ocrx_word' id='word_1_25' title='bbox 241 901 382 1000; x_wconf 87' lang='lat' dir='ltr'>placuit,</span> <span class='ocrx_word' id='word_1_26' title='bbox 407 902 495 975; x_wconf 78' lang='lat' dir='ltr'>adeo</span> <span class='ocrx_word' id='word_1_27' title='bbox 516 902 690 1000; x_wconf 72' lang='lat' dir='ltr'>imperite,</span> <span class='ocrx_word' id='word_1_28' title='bbox 715 924 754 978; x_wconf 89' lang='lat' dir='ltr'>ut</span> <span class='ocrx_word' id='word_1_29' title='bbox 770 919 986 1001; x_wconf 83' lang='lat' dir='ltr'>quamquam</span> <span class='ocrx_word' id='word_1_30' title='bbox 1004 926 1111 975; x_wconf 89' lang='lat' dir='ltr'>verno</span> <span class='ocrx_word' id='word_1_31' title='bbox 1128 908 1218 973; x_wconf 89' lang='lat' dir='ltr'>tem-</span> 
     </span>
     <span class='ocr_line' id='line_1_6' title="bbox 241 1023 1218 1121; baseline -0.003 -26"><span class='ocrx_word' id='word_1_32' title='bbox 241 1048 326 1121; x_wconf 83' lang='lat' dir='ltr'>pore</span> <span class='ocrx_word' id='word_1_33' title='bbox 349 1024 445 1115; x_wconf 80' lang='lat' dir='ltr'>anni,</span> <span class='ocrx_word' id='word_1_34' title='bbox 472 1029 505 1097; x_wconf 78' lang='grc' dir='ltr'>δι</span> <span class='ocrx_word' id='word_1_35' title='bbox 524 1044 576 1096; x_wconf 85' lang='grc' dir='ltr'>ιοι</span> <span class='ocrx_word' id='word_1_36' title='bbox 594 1023 727 1097; x_wconf 76' lang='lat' dir='ltr'>circum</span> <span class='ocrx_word' id='word_1_37' title='bbox 751 1025 924 1114; x_wconf 87' lang='lat' dir='ltr'>amnibus,</span> <span class='ocrx_word' id='word_1_38' title='bbox 951 1024 1091 1121; x_wconf 70' lang='lat' dir='ltr'>penuria</span> <span class='ocrx_word' id='word_1_39' title='bbox 1116 1046 1218 1118; x_wconf 84' lang='lat' dir='ltr'>aquae</span> 
     </span>
     <span class='ocr_line' id='line_1_7' title="bbox 240 1141 1220 1242; baseline -0.003 -26"><span class='ocrx_word' id='word_1_40' title='bbox 240 1141 478 1241; x_wconf 77' lang='lat' dir='ltr'><strong>fatigarentur.</strong></span> <span class='ocrx_word' id='word_1_41' title='bbox 529 1143 583 1217; x_wconf 93' lang='lat' dir='ltr'>lbi</span> <span class='ocrx_word' id='word_1_42' title='bbox 612 1145 656 1218; x_wconf 91' lang='lat' dir='ltr'>de</span> <span class='ocrx_word' id='word_1_43' title='bbox 687 1144 814 1242; x_wconf 89' lang='lat' dir='ltr'>proelio</span> <span class='ocrx_word' id='word_1_44' title='bbox 839 1146 1051 1233; x_wconf 84' lang='lat' dir='ltr'>dubitatum,</span> <span class='ocrx_word' id='word_1_45' title='bbox 1076 1144 1220 1215; x_wconf 85' lang='lat' dir='ltr'>Othone</span> 
     </span>
     <span class='ocr_line' id='line_1_8' title="bbox 240 1256 1219 1364; baseline -0.004 -29"><span class='ocrx_word' id='word_1_46' title='bbox 240 1289 301 1361; x_wconf 91' lang='lat' dir='ltr'>per</span> <span class='ocrx_word' id='word_1_47' title='bbox 324 1265 435 1338; x_wconf 83' lang='lat' dir='ltr'>literas</span> <span class='ocrx_word' id='word_1_48' title='bbox 452 1265 644 1364; x_wconf 85' lang='lat' dir='ltr'>flagitante,</span> <span class='ocrx_word' id='word_1_49' title='bbox 664 1287 701 1337; x_wconf 91' lang='lat' dir='ltr'>ut</span> <span class='ocrx_word' id='word_1_50' title='bbox 719 1256 947 1352; x_wconf 85' lang='lat' dir='ltr'>maturarent3</span> <span class='ocrx_word' id='word_1_51' title='bbox 971 1263 1151 1351; x_wconf 88' lang='lat' dir='ltr'>militibus,</span> <span class='ocrx_word' id='word_1_52' title='bbox 1177 1278 1219 1333; x_wconf 88' lang='lat' dir='ltr'>ut</span> 
     </span>
     <span class='ocr_line' id='line_1_9' title="bbox 240 1382 1219 1485; baseline -0.006 -27"><span class='ocrx_word' id='word_1_53' title='bbox 240 1387 434 1482; x_wconf 84' lang='lat' dir='ltr'>Imperator</span> <span class='ocrx_word' id='word_1_54' title='bbox 462 1413 589 1485; x_wconf 75' lang='lat' dir='ltr'>pugnae</span> <span class='ocrx_word' id='word_1_55' title='bbox 623 1388 765 1476; x_wconf 80' lang='lat' dir='ltr'>adesset,</span> <span class='ocrx_word' id='word_1_56' title='bbox 796 1385 1032 1483; x_wconf 82' lang='lat' dir='ltr'>poscentibus:</span> <span class='ocrx_word' id='word_1_57' title='bbox 1063 1382 1219 1481; x_wconf 85' lang='lat' dir='ltr'>plerique</span> 
     </span>
     <span class='ocr_line' id='line_1_10' title="bbox 240 1504 1218 1606; baseline -0.007 -26"><span class='ocrx_word' id='word_1_58' title='bbox 240 1506 358 1604; x_wconf 89' lang='lat' dir='ltr'>copias</span> <span class='ocrx_word' id='word_1_59' title='bbox 396 1530 486 1580; x_wconf 90' lang='lat' dir='ltr'>trans</span> <span class='ocrx_word' id='word_1_60' title='bbox 514 1509 650 1580; x_wconf 89' lang='lat' dir='ltr'>Padum</span> <span class='ocrx_word' id='word_1_61' title='bbox 680 1526 822 1606; x_wconf 85' lang='lat' dir='ltr'>agentes</span> <span class='ocrx_word' id='word_1_62' title='bbox 850 1505 952 1580; x_wconf 89' lang='lat' dir='ltr'>acciri</span> <span class='ocrx_word' id='word_1_63' title='bbox 986 1504 1218 1601; x_wconf 87' lang='lat' dir='ltr'>postulabant.</span> 
     </span>
     <span class='ocr_line' id='line_1_11' title="bbox 239 1623 1261 1726; baseline -0.006 -26"><span class='ocrx_word' id='word_1_64' title='bbox 239 1630 317 1701; x_wconf 89' lang='lat' dir='ltr'>Nec</span> <span class='ocrx_word' id='word_1_65' title='bbox 336 1627 479 1725; x_wconf 89' lang='lat' dir='ltr'>perinde</span> <span class='ocrx_word' id='word_1_66' title='bbox 500 1627 681 1726; x_wconf 89' lang='lat' dir='ltr'>dijudicari</span> <span class='ocrx_word' id='word_1_67' title='bbox 699 1626 825 1724; x_wconf 90' lang='lat' dir='ltr'>potest,</span> <span class='ocrx_word' id='word_1_68' title='bbox 846 1625 931 1722; x_wconf 93' lang='lat' dir='ltr'>quid</span> <span class='ocrx_word' id='word_1_69' title='bbox 951 1624 1126 1720; x_wconf 90' lang='lat' dir='ltr'>optimum</span> <span class='ocrx_word' id='word_1_70' title='bbox 1144 1623 1216 1695; x_wconf 85' lang='lat' dir='ltr'>fac·</span> <span class='ocrx_word' id='word_1_71' title='bbox 1260 1676 1261 1679; x_wconf 63' lang='lat'>,</span> 
     </span>
     <span class='ocr_line' id='line_1_12' title="bbox 239 1741 1294 1845; baseline -0.006 -26"><span class='ocrx_word' id='word_1_72' title='bbox 239 1767 278 1820; x_wconf 93' lang='lat' dir='ltr'>tu</span> <span class='ocrx_word' id='word_1_73' title='bbox 295 1746 411 1838; x_wconf 88' lang='lat' dir='ltr'>fuerit,</span> <span class='ocrx_word' id='word_1_74' title='bbox 431 1748 538 1845; x_wconf 75' lang='lat' dir='ltr'>quam</span> <span class='ocrx_word' id='word_1_75' title='bbox 559 1751 740 1844; x_wconf 85' lang='lat' dir='ltr'>peffimum</span> <span class='ocrx_word' id='word_1_76' title='bbox 757 1744 870 1836; x_wconf 80' lang='lat' dir='ltr'>fuisse,</span> <span class='ocrx_word' id='word_1_77' title='bbox 890 1744 988 1842; x_wconf 92' lang='lat' dir='ltr'>quod</span> <span class='ocrx_word' id='word_1_78' title='bbox 1010 1741 1139 1815; x_wconf 74' lang='lat' dir='ltr'>laetum</span> <span class='ocrx_word' id='word_1_79' title='bbox 1156 1742 1216 1814; x_wconf 85' lang='lat' dir='ltr'>est.</span> <span class='ocrx_word' id='word_1_80' title='bbox 1288 1752 1294 1762; x_wconf 86' lang='lat'><strong><em>‘</em></strong></span> 
     </span>
     <span class='ocr_line' id='line_1_13' title="bbox 287 1863 1215 1964; baseline -0.01 -22"><span class='ocrx_word' id='word_1_81' title='bbox 287 1871 370 1942; x_wconf 89' lang='lat' dir='ltr'>XL.</span> <span class='ocrx_word' id='word_1_82' title='bbox 397 1872 488 1942; x_wconf 69' lang='lat' dir='ltr'>Nou</span> <span class='ocrx_word' id='word_1_83' title='bbox 517 1886 555 1940; x_wconf 91' lang='lat' dir='ltr'>ut</span> <span class='ocrx_word' id='word_1_84' title='bbox 582 1868 627 1940; x_wconf 92' lang='lat' dir='ltr'>ad</span> <span class='ocrx_word' id='word_1_85' title='bbox 652 1891 824 1964; x_wconf 82' lang='lat' dir='ltr'>pugnam,</span> <span class='ocrx_word' id='word_1_86' title='bbox 852 1864 908 1938; x_wconf 87' lang='lat' dir='ltr'>sed</span> <span class='ocrx_word' id='word_1_87' title='bbox 938 1866 983 1938; x_wconf 91' lang='lat' dir='ltr'>ad</span> <span class='ocrx_word' id='word_1_88' title='bbox 1013 1863 1215 1938; x_wconf 79' lang='lat' dir='ltr'>bellandum</span> 
     </span>
     <span class='ocr_line' id='line_1_14' title="bbox 225 1984 1215 2086; baseline -0.004 -27"><span class='ocrx_word' id='word_1_89' title='bbox 225 1988 397 2086; x_wconf 47' lang='lat' dir='ltr'>¹prosesli,</span> <span class='ocrx_word' id='word_1_90' title='bbox 422 1989 637 2060; x_wconf 88' lang='lat' dir='ltr'>confluentes</span> <span class='ocrx_word' id='word_1_91' title='bbox 668 1985 754 2058; x_wconf 91' lang='lat' dir='ltr'>Padi</span> <span class='ocrx_word' id='word_1_92' title='bbox 782 1989 815 2057; x_wconf 76' lang='grc' dir='ltr'>δι</span> <span class='ocrx_word' id='word_1_93' title='bbox 847 1986 987 2058; x_wconf 87' lang='lat' dir='ltr'>Adduae</span> <span class='ocrx_word' id='word_1_94' title='bbox 1012 1984 1215 2074; x_wconf 89' lang='lat' dir='ltr'>fluminum,</span> 
     </span>
     <span class='ocr_line' id='line_1_15' title="bbox 237 2104 1216 2205; baseline -0.005 -23"><span class='ocrx_word' id='word_1_95' title='bbox 237 2107 412 2182; x_wconf 87' lang='lat' dir='ltr'>sexdecim</span> <span class='ocrx_word' id='word_1_96' title='bbox 437 2107 518 2179; x_wconf 89' lang='lat' dir='ltr'>inde</span> <span class='ocrx_word' id='word_1_97' title='bbox 541 2107 692 2179; x_wconf 91' lang='lat' dir='ltr'>millium</span> <span class='ocrx_word' id='word_1_98' title='bbox 710 2106 814 2205; x_wconf 88' lang='lat' dir='ltr'>spatio</span> <span class='ocrx_word' id='word_1_99' title='bbox 839 2104 1015 2194; x_wconf 86' lang='lat' dir='ltr'>distantes,</span> <span class='ocrx_word' id='word_1_100' title='bbox 1040 2107 1216 2203; x_wconf 88' lang='lat' dir='ltr'>petebant.</span> 
     </span>
    </p>
   </div>
   <div class='ocr_carea' id='block_1_3' title="bbox 238 2223 1330 2328">
    <p class='ocr_par' dir='ltr' id='par_1_3' title="bbox 238 2223 1330 2328">
     <span class='ocr_line' id='line_1_16' title="bbox 238 2223 1330 2328; baseline -0.005 -26"><span class='ocrx_word' id='word_1_101' title='bbox 238 2228 338 2303; x_wconf 88' lang='lat' dir='ltr'>Celso</span> <span class='ocrx_word' id='word_1_102' title='bbox 363 2227 571 2302; x_wconf 82' lang='lat' dir='ltr'>&amp;Paullino</span> <span class='ocrx_word' id='word_1_103' title='bbox 596 2226 842 2314; x_wconf 88' lang='lat' dir='ltr'>abnuentibus,</span> <span class='ocrx_word' id='word_1_104' title='bbox 873 2224 1068 2297; x_wconf 88' lang='lat' dir='ltr'>“militem</span> <span class='ocrx_word' id='word_1_105' title='bbox 1095 2223 1216 2314; x_wconf 85' lang='lat' dir='ltr'>itinere</span> <span class='ocrx_word' id='word_1_106' title='bbox 1327 2319 1330 2328; x_wconf 24' lang='grc'>1</span> 
     </span>
    </p>
   </div>
   <div class='ocr_carea' id='block_1_4' title="bbox 235 2342 1303 3881">
    <p class='ocr_par' dir='ltr' id='par_1_4' title="bbox 237 2342 1303 3523">
     <span class='ocr_line' id='line_1_17' title="bbox 240 2342 1303 2448; baseline -0.008 -26"><span class='ocrx_word' id='word_1_107' title='bbox 240 2358 267 2393; x_wconf 89' lang='grc'><strong>“</strong></span> <span class='ocrx_word' id='word_1_108' title='bbox 286 2348 421 2440; x_wconf 75' lang='lat' dir='ltr'>fesium,</span> <span class='ocrx_word' id='word_1_109' title='bbox 461 2348 599 2421; x_wconf 89' lang='lat' dir='ltr'>sarcinis</span> <span class='ocrx_word' id='word_1_110' title='bbox 635 2373 793 2448; x_wconf 86' lang='lat' dir='ltr'>gravem,</span> <span class='ocrx_word' id='word_1_111' title='bbox 827 2345 975 2444; x_wconf 88' lang='lat' dir='ltr'>objicere</span> <span class='ocrx_word' id='word_1_112' title='bbox 1006 2342 1108 2434; x_wconf 91' lang='lat' dir='ltr'>hosti,</span> <span class='ocrx_word' id='word_1_113' title='bbox 1143 2368 1215 2416; x_wconf 91' lang='lat' dir='ltr'>non</span> <span class='ocrx_word' id='word_1_114' title='bbox 1299 2394 1303 2400; x_wconf 91' lang='lat'>-</span> 
     </span>
     <span class='ocr_line' id='line_1_18' title="bbox 240 2464 1217 2567; baseline -0.008 -22"><span class='ocrx_word' id='word_1_115' title='bbox 240 2478 269 2515; x_wconf 89' lang='lat'><strong>“</strong></span> <span class='ocrx_word' id='word_1_116' title='bbox 288 2469 490 2559; x_wconf 82' lang='lat' dir='ltr'>admissum,</span> <span class='ocrx_word' id='word_1_117' title='bbox 508 2468 699 2567; x_wconf 89' lang='lat' dir='ltr'>quominus</span> <span class='ocrx_word' id='word_1_118' title='bbox 715 2467 910 2565; x_wconf 87' lang='lat' dir='ltr'>expeditus,</span> <span class='ocrx_word' id='word_1_119' title='bbox 939 2464 1049 2539; x_wconf 85' lang='lat' dir='ltr'>&amp;vix</span> <span class='ocrx_word' id='word_1_120' title='bbox 1067 2483 1217 2562; x_wconf 88' lang='lat' dir='ltr'>quatuor</span> 
     </span>
     <span class='ocr_line' id='line_1_19' title="bbox 241 2585 1217 2688; baseline -0.008 -23"><span class='ocrx_word' id='word_1_121' title='bbox 241 2591 397 2664; x_wconf 90' lang='lat' dir='ltr'>“millia</span> <span class='ocrx_word' id='word_1_122' title='bbox 422 2592 578 2688; x_wconf 79' lang='lat' dir='ltr'>passuum</span> <span class='ocrx_word' id='word_1_123' title='bbox 603 2590 809 2686; x_wconf 74' lang='lat' dir='ltr'>progresluS,</span> <span class='ocrx_word' id='word_1_124' title='bbox 834 2607 892 2688; x_wconf 87' lang='lat' dir='ltr'>aut</span> <span class='ocrx_word' id='word_1_125' title='bbox 917 2587 1161 2683; x_wconf 78' lang='lat' dir='ltr'>incompositos</span> <span class='ocrx_word' id='word_1_126' title='bbox 1178 2585 1217 2658; x_wconf 90' lang='lat' dir='ltr'>in</span> 
     </span>
     <span class='ocr_line' id='line_1_20' title="bbox 242 2706 1215 2807; baseline -0.002 -26"><span class='ocrx_word' id='word_1_127' title='bbox 242 2716 269 2753; x_wconf 89' lang='lat'><strong>“</strong></span> <span class='ocrx_word' id='word_1_128' title='bbox 288 2711 443 2807; x_wconf 85' lang='lat' dir='ltr'>agmine,</span> <span class='ocrx_word' id='word_1_129' title='bbox 462 2731 520 2784; x_wconf 87' lang='lat' dir='ltr'>aut</span> <span class='ocrx_word' id='word_1_130' title='bbox 542 2707 720 2806; x_wconf 86' lang='lat' dir='ltr'>dispersos,</span> <span class='ocrx_word' id='word_1_131' title='bbox 748 2710 930 2781; x_wconf 87' lang='lat' dir='ltr'>&amp;vallum</span> <span class='ocrx_word' id='word_1_132' title='bbox 954 2706 1135 2781; x_wconf 88' lang='lat' dir='ltr'>molientes</span> <span class='ocrx_word' id='word_1_133' title='bbox 1152 2707 1215 2779; x_wconf 89' lang='lat' dir='ltr'>ad-</span> 
     </span>
     <span class='ocr_line' id='line_1_21' title="bbox 240 2827 1227 2925; baseline 0.001 -26"><span class='ocrx_word' id='word_1_134' title='bbox 240 2835 268 2871; x_wconf 91' lang='lat'><strong>“</strong></span> <span class='ocrx_word' id='word_1_135' title='bbox 288 2830 521 2925; x_wconf 79' lang='lat' dir='ltr'>gredetetur.&#39;&#39;</span> <span class='ocrx_word' id='word_1_136' title='bbox 569 2830 729 2902; x_wconf 85' lang='lat' dir='ltr'>Titianus</span> <span class='ocrx_word' id='word_1_137' title='bbox 759 2835 792 2903; x_wconf 77' lang='grc' dir='ltr'>δι</span> <span class='ocrx_word' id='word_1_138' title='bbox 824 2829 1007 2918; x_wconf 90' lang='lat' dir='ltr'>Proculus,</span> <span class='ocrx_word' id='word_1_139' title='bbox 1041 2827 1102 2901; x_wconf 90' lang='lat' dir='ltr'>ubi</span> <span class='ocrx_word' id='word_1_140' title='bbox 1131 2837 1227 2902; x_wconf 51' lang='lat' dir='ltr'>con?</span> 
     </span>
     <span class='ocr_line' id='line_1_22' title="bbox 238 2948 1214 3048; baseline 0.001 -28"><span class='ocrx_word' id='word_1_141' title='bbox 238 2948 315 3020; x_wconf 88' lang='lat' dir='ltr'>filiis</span> <span class='ocrx_word' id='word_1_142' title='bbox 333 2948 565 3043; x_wconf 85' lang='lat' dir='ltr'>vincerentur,</span> <span class='ocrx_word' id='word_1_143' title='bbox 586 2950 697 3047; x_wconf 88' lang='lat' dir='ltr'>adjus</span> <span class='ocrx_word' id='word_1_144' title='bbox 715 2948 850 3048; x_wconf 86' lang='lat' dir='ltr'>imperii</span> <span class='ocrx_word' id='word_1_145' title='bbox 869 2951 1067 3022; x_wconf 80' lang='lat' dir='ltr'>transibant.</span> <span class='ocrx_word' id='word_1_146' title='bbox 1117 2950 1214 3021; x_wconf 90' lang='lat' dir='ltr'>Ade-</span> 
     </span>
     <span class='ocr_line' id='line_1_23' title="bbox 237 3065 1214 3173; baseline -0.001 -34"><span class='ocrx_word' id='word_1_147' title='bbox 237 3085 288 3139; x_wconf 91' lang='lat' dir='ltr'>rat</span> <span class='ocrx_word' id='word_1_148' title='bbox 310 3065 387 3173; x_wconf 70' lang='lat' dir='ltr'>sane</span> <span class='ocrx_word' id='word_1_149' title='bbox 410 3069 497 3143; x_wconf 89' lang='lat' dir='ltr'>citus</span> <span class='ocrx_word' id='word_1_150' title='bbox 519 3097 611 3168; x_wconf 91' lang='lat' dir='ltr'>equo</span> <span class='ocrx_word' id='word_1_151' title='bbox 628 3070 801 3159; x_wconf 83' lang='lat' dir='ltr'>Numida,</span> <span class='ocrx_word' id='word_1_152' title='bbox 820 3095 902 3143; x_wconf 92' lang='lat' dir='ltr'>cum</span> <span class='ocrx_word' id='word_1_153' title='bbox 920 3068 1091 3141; x_wconf 89' lang='lat' dir='ltr'>atrocibus</span> <span class='ocrx_word' id='word_1_154' title='bbox 1113 3093 1214 3139; x_wconf 86' lang='lat' dir='ltr'>man·</span> 
     </span>
     <span class='ocr_line' id='line_1_24' title="bbox 237 3184 1211 3286; baseline 0.002 -31"><span class='ocrx_word' id='word_1_155' title='bbox 237 3185 340 3276; x_wconf 90' lang='lat' dir='ltr'>datis,</span> <span class='ocrx_word' id='word_1_156' title='bbox 368 3189 496 3284; x_wconf 88' lang='lat' dir='ltr'>quibus</span> <span class='ocrx_word' id='word_1_157' title='bbox 518 3192 629 3281; x_wconf 82' lang='lat' dir='ltr'>Otho,</span> <span class='ocrx_word' id='word_1_158' title='bbox 655 3189 823 3286; x_wconf 81' lang='lat' dir='ltr'>increpital</span> <span class='ocrx_word' id='word_1_159' title='bbox 851 3192 1026 3262; x_wconf 88' lang='lat' dir='ltr'>“ducum</span> <span class='ocrx_word' id='word_1_160' title='bbox 1055 3184 1211 3284; x_wconf 71' lang='lat' dir='ltr'>segnitid,</span> 
     </span>
     <span class='ocr_line' id='line_1_25' title="bbox 238 3298 1211 3413; baseline 0.004 -39"><span class='ocrx_word' id='word_1_161' title='bbox 238 3310 360 3376; x_wconf 89' lang='lat' dir='ltr'>“rem</span> <span class='ocrx_word' id='word_1_162' title='bbox 386 3307 422 3378; x_wconf 91' lang='lat' dir='ltr'>in</span> <span class='ocrx_word' id='word_1_163' title='bbox 445 3306 628 3413; x_wconf 85' lang='lat' dir='ltr'>discrimen</span> <span class='ocrx_word' id='word_1_164' title='bbox 652 3310 769 3383; x_wconf 91' lang='lat' dir='ltr'>mitti&#39;&#39;</span> <span class='ocrx_word' id='word_1_165' title='bbox 786 3298 955 3406; x_wconf 84' lang='lat' dir='ltr'>jubebat3</span> <span class='ocrx_word' id='word_1_166' title='bbox 982 3330 1073 3405; x_wconf 86' lang='lat' dir='ltr'>aeger</span> <span class='ocrx_word' id='word_1_167' title='bbox 1099 3307 1211 3395; x_wconf 76' lang='lat' dir='ltr'>mord,</span> 
     </span>
     <span class='ocr_line' id='line_1_26' title="bbox 238 3422 1204 3523; baseline 0.01 -32"><span class='ocrx_word' id='word_1_168' title='bbox 238 3427 271 3518; x_wconf 63' lang='grc' dir='ltr'>ξι</span> <span class='ocrx_word' id='word_1_169' title='bbox 301 3422 370 3516; x_wconf 91' lang='lat' dir='ltr'>spei</span> <span class='ocrx_word' id='word_1_170' title='bbox 396 3424 592 3523; x_wconf 74' lang='lat' dir='ltr'>impatiens</span> <span class='ocrx_word' id='word_1_171' title='bbox 1200 3498 1204 3516; x_wconf 42' lang='grc' dir='ltr'>ι</span> 
     </span>
    </p>

    <p class='ocr_par' dir='ltr' id='par_1_5' title="bbox 235 3541 1214 3881">
     <span class='ocr_line' id='line_1_27' title="bbox 285 3541 1214 3646; baseline 0.008 -35"><span class='ocrx_word' id='word_1_172' title='bbox 285 3541 385 3612; x_wconf 89' lang='lat' dir='ltr'><strong>XLI.</strong></span> <span class='ocrx_word' id='word_1_173' title='bbox 412 3547 560 3642; x_wconf 77' lang='lat' dir='ltr'>Enuanr</span> <span class='ocrx_word' id='word_1_174' title='bbox 588 3547 659 3638; x_wconf 92' lang='lat' dir='ltr'>die,</span> <span class='ocrx_word' id='word_1_175' title='bbox 683 3550 726 3622; x_wconf 88' lang='lat' dir='ltr'>ad</span> <span class='ocrx_word' id='word_1_176' title='bbox 756 3548 947 3638; x_wconf 81' lang='lat' dir='ltr'>caecinam,</span> <span class='ocrx_word' id='word_1_177' title='bbox 974 3548 1071 3646; x_wconf 87' lang='lat' dir='ltr'>operi</span> <span class='ocrx_word' id='word_1_178' title='bbox 1096 3546 1214 3645; x_wconf 90' lang='lat' dir='ltr'>pontis</span> 
     </span>
     <span class='ocr_line' id='line_1_28' title="bbox 235 3664 1212 3762; baseline 0.002 -26"><span class='ocrx_word' id='word_1_179' title='bbox 235 3665 422 3750; x_wconf 86' lang='lat' dir='ltr'>intentum,</span> <span class='ocrx_word' id='word_1_180' title='bbox 459 3664 531 3734; x_wconf 93' lang='lat' dir='ltr'>duo</span> <span class='ocrx_word' id='word_1_181' title='bbox 568 3668 808 3762; x_wconf 65' lang='lat' dir='ltr'>praetoriarum</span> <span class='ocrx_word' id='word_1_182' title='bbox 841 3669 1040 3742; x_wconf 88' lang='lat' dir='ltr'>cohortium</span> <span class='ocrx_word' id='word_1_183' title='bbox 1070 3667 1212 3757; x_wconf 90' lang='lat' dir='ltr'>tribuni,</span> 
     </span>
     <span class='ocr_line' id='line_1_29' title="bbox 235 3777 1213 3881; baseline 0.002 -25"><span class='ocrx_word' id='word_1_184' title='bbox 235 3780 465 3879; x_wconf 90' lang='lat' dir='ltr'>conloquium</span> <span class='ocrx_word' id='word_1_185' title='bbox 491 3777 563 3877; x_wconf 88' lang='lat' dir='ltr'>ejus</span> <span class='ocrx_word' id='word_1_186' title='bbox 593 3786 816 3881; x_wconf 82' lang='lat' dir='ltr'>postulantes,</span> <span class='ocrx_word' id='word_1_187' title='bbox 846 3811 1026 3865; x_wconf 85' lang='lat' dir='ltr'>venerunt.</span> <span class='ocrx_word' id='word_1_188' title='bbox 1076 3786 1213 3864; x_wconf 74' lang='lat' dir='ltr'>Audire</span> 
     </span>
    </p>
   </div>
   <div class='ocr_carea' id='block_1_5' title="bbox 0 0 1422 5076">
    <p class='ocr_par' dir='ltr' id='par_1_6' title="bbox 0 0 1422 5076">
     <span class='ocr_line' id='line_1_30' title="bbox 0 0 1422 5076; baseline 0 1"><span class='ocrx_word' id='word_1_189' title='bbox 0 0 1422 5076; x_wconf 95' lang='lat' dir='ltr'> </span> 
     </span>
    </p>
   </div>
  </div>
 </body>
</html>
