2844 4704
354 344 970 429 Hrsronrnnnanra.Il.
1095 370 1164 448 137

170 526 218 581 '“·
230 525 265 596 ὅτ
282 521 474 621 periculum
491 547 536 595 ex
549 519 706 620 singulis.¹
740 518 838 617 Qrid
855 519 950 593 enim
967 516 1165 616 profuturas

168 650 212 705 .“
229 645 389 717 cohortes
413 641 563 741 alasque,
587 645 717 715 fiunus
740 641 906 738 alterque,
930 639 1086 738 prasenti
1114 639 1165 715 fa-

119 762 121 767 ’
184 771 221 857 (ἔ
232 764 348 859 cinore
366 783 524 861 paratum
537 757 586 836 'ex
604 760 740 834 diverso
753 761 935 859 praemium
958 767 1083 859 petat?
1110 763 1167 838 Sic

183 893 212 928 “
230 885 493 959 Scribonianum
510 882 572 956 sub
589 881 740 955 Claudio
752 881 997 956 interfenum:
1026 887 1069 956 s1c
1088 908 1165 980 per-

186 1013 213 1049 “
231 1007 400 1078 cufforem
423 1002 494 1101 ejus
508 1003 751 1100 Volaginium,
782 1027 803 1075 e
822 995 979 1100 gregario
1002 1004 1047 1076 ad
1072 1002 1166 1078 sum·

188 1132 217 1168 “
235 1150 293 1198 ma
309 1124 440 1198 miliriae
456 1122 675 1221 provestum.
726 1122 877 1196 Facilius
899 1122 1074 1196 universos
1098 1124 1166 1198 im-

166 1255 214 1316 ,“
233 1245 330 1343 pelli,
359 1245 468 1341 quarn
486 1244 636 1342 singulos
653 1243 791 1316 vitari.'’
1109 1256 1110 1261 ’

171 1423 173 1427 .
233 1367 407 1439 LXXVI.
435 1365 514 1437 Hrs
544 1363 730 1460 pavoribus
754 1376 962 1455 nutantem,¹
980 1366 1090 1439 &alii
1115 1370 1165 1440 le-

187 1487 260 1585 gati
276 1485 447 1582 amicique
466 1487 665 1573 firmabant,
686 1489 719 1558 ὃ(
738 1484 927 1558 Mucianus
940 1486 1015 1582 post
1036 1489 1167 1562 multos
1247 1500 1249 1503 ’

186 1606 394 1703 secretosque
416 1604 604 1693 sermones,
623 1604 698 1704 jam
727 1609 761 1679 δι
786 1631 902 1679 coram
931 1606 977 1679 ita
1002 1608 1162 1681 locutus:

186 1736 214 1770 “
229 1730 375 1816 OmneS,
399 1722 459 1824 qui
490 1753 698 1824 magnarum
724 1751 840 1801 rerum
866 1728 1003 1801 consilia
1028 1720 1166 1825 suscipi-

186 1857 213 1897 “
232 1869 311 1938 unt,
329 1848 497 1921 aestimare
514 1850 658 1938 debent,
682 1873 742 1937 an,
765 1849 863 1945 quod
881 1847 1075 1937 inchoatur,
1101 1848 1167 1921 rei-

185 1979 214 2015 “
234 1969 381 2068 publica
405 1970 505 2059 utile,
535 1969 613 2067 ipsis
639 1966 844 2067 gloriosum,
872 1988 931 2041 aut
960 1990 1167 2066 promptum

186 2098 216 2137 “
232 2092 370 2181 effedlu,
394 2112 453 2164 aut
470 2092 562 2165 certe
580 2117 653 2163 non
677 2091 824 2163 arduum
847 2093 897 2162 sit.
945 2090 1057 2163 Simul
1082 2090 1187 2187 ipse,¹

184 2222 212 2257 “
230 2213 290 2311 qui
318 2211 450 2302 suadet,
474 2210 755 2284 considerandus
783 2210 844 2299 est,
873 2206 1055 2306 adjiciatne
1082 2237 1166 2284 con-

184 2340 213 2376 “
232 2326 303 2408 silio
322 2332 519 2430 periculum
536 2328 662 2406 suum:
690 2335 739 2420 a,
764 2335 786 2403 sr
803 2328 943 2404 fortuna
956 2330 1086 2427 'coeptis
1105 2334 1167 2405 ad-

187 2462 216 2497 “
234 2451 354 2545 fuerit,
385 2452 442 2527 cui
470 2451 649 2529 summum
684 2452 791 2525 decus
818 2449 1033 2550 adquiratur.
1087 2454 1169 2552 Ego

185 2583 214 2619 “
233 2597 282 2665 te,
295 2572 522 2670 Vespafiane,
539 2574 584 2646 ad
603 2572 790 2669 imperium
806 2599 911 2663 voco,
931 2594 1003 2647 tarn
1026 2572 1169 2648 salutare

184 2701 212 2738 “
230 2694 443 2791 reipublicae,
457 2695 567 2792 quarn
582 2693 645 2767 tibi
662 2693 904 2792 magnificum.
945 2698 1055 2790 juxta
1068 2697 1168 2786 deos,

186 2820 215 2858 “
234 2813 271 2887 in
288 2814 348 2885 tud
360 2837 465 2884 manu
482 2818 629 2909 positum
646 2816 704 2888 est.
755 2817 834 2889 Nec
860 2814 1011 2913 speciem
1023 2818 1168 2890 adulan-

169 2942 217 2997 ·.“
236 2934 280 3007 tis
312 2932 516 3028 expaveris:
553 2959 573 3007 a
603 2937 828 3034 contumelil,
860 2938 970 3035 quarn
1003 2939 1154 3013 alaude

186 3054 377 3152 “propius
406 3051 528 3144 suerit,
548 3057 626 3152 post
651 3057 832 3131 Vitellium
854 3058 948 3156 eligi.
998 3061 1083 3133 Non
1106 3061 1169 3132 ad-

156 3188 159 3196 '
186 3183 215 3227 “
235 3175 350 3248 versus
377 3173 450 3247 divi
480 3177 630 3273 Augusti
649 3177 866 3254 'acerrimam
895 3199 1068 3271 mentem,
1103 3205 1169 3253 nec

188 3296 403 3382 “adversus
438 3296 666 3371 cauriffimam
696 3297 830 3372 Tiberii
864 3296 1089 3389 seneclutem,
1124 3324 1170 3374 ne

185 3425 213 3462 “
231 3436 351 3491 contra
376 3416 451 3491 Caii
474 3417 634 3517 quidem,
659 3439 718 3492 aut
743 3418 897 3508 Claudii,
921 3421 976 3492 vel
1001 3419 1168 3512 Neronis,

185 3546 213 3582 “
232 3535 412 3612 semdatam
430 3539 539 3637 longo
568 3538 720 3637 imperio
736 3539 899 3629 domum,
923 3537 1166 3638 exsurgimus:
1192 3541 1196 3633 j

172 3666 215 3712 ·“
234 3659 351 3733 ceffisti
368 3659 474 3733 eriam
488 3661 611 3733 Galba
626 3659 849 3756 imaginibus.
890 3661 1049 3757 Torpere
1062 3661 1166 3746 ultra,

175 3787 215 3888 ‘⁶‘
234 3784 268 3866 δι
287 3781 516 3886 polluendam
532 3779 819 3879 perdendamque
843 3779 1096 3879 rempublicam
1113 3800 1167 3854 re-
