2844 4704
324 373 718 444 Hrsronrnnunr
752 314 862 444 er.
898 372 962 444 ΙΙΙ.
1067 398 1129 471 171

161 545 365 642 “stipendii
397 544 634 644 frumentique
666 548 710 619 ad
744 546 959 620 deditionem
990 545 1138 642 subigi.”

162 667 297 739 Eadem
312 667 503 740 Mucianus
525 669 651 741 crebris
670 666 820 765 epistolis
837 669 1016 756 monebat,
1045 673 1071 708 “
1085 666 1139 737 in·

162 794 190 828 ‘⁴
208 808 384 860 cruentam
403 793 436 861 δι
455 789 523 860 stne
540 789 635 860 tuos
653 787 874 875 vi&oriam‚”
897 786 1008 860 &alia
1025 783 1139 882 hujus-

160 907 297 980 cemodi
314 908 537 1005 praetexendo
547 936 557 994 ;
575 907 631 981 sed
650 909 769 1007 gloriae
785 908 923 998 avidus,
937 928 1042 1009 atque
1060 932 1139 979 om·

159 1051 203 1100 ne
221 1029 301 1101 belli
317 1028 424 1101 decus
447 1026 506 1101 fibi
524 1030 684 1102 retinens.
735 1030 901 1102 Ceterum
927 1055 972 1100 ex
987 1027 1141 1100 distanti·
1185 1007 1188 1015 ¹

161 1151 226 1222 bus
249 1170 416 1221 terrarum
433 1147 560 1245 spatiis,
580 1149 720 1221 consrlia
736 1150 810 1246 post
828 1175 879 1222 res
895 1151 1138 1222 afferebantur.

209 1270 275 1341 IX.
304 1270 448 1341 Iorrun
477 1269 661 1364 'repentino
693 1269 830 1342 incursu
860 1271 1035 1342 Antonius
1073 1270 1139 1341 sta-

161 1387 273 1459 tiones
301 1387 452 1460 hostium
481 1387 664 1486 inrumpit,
693 1387 898 1486 tentatilque
922 1391 988 1462 levi
1014 1389 1141 1487 proelio

165 1489 302 1596 animis,
333 1533 377 1582 ex
402 1505 504 1606 aequo
520 1509 712 1582 discellum.
762 1513 856 1583 Mox
881 1511 1022 1583 Caecina
1054 1510 1141 1581 inter

68 1686 71 1691 a
163 1627 365 1718 Hostiliam,
397 1629 517 1702 vicum
534 1623 801 1721 Veronensrum,
831 1636 864 1704 δι
891 1633 1035 1728 paludes
1053 1632 1142 1704 Tar·

161 1748 221 1821 tari
246 1749 413 1838 fluminis,
444 1751 550 1824 castra
575 1751 783 1848 permuniitr
815 1772 909 1824 tutus
934 1754 1028 1842 locu,
1058 1753 1142 1825 cirm
1226 1791 1229 1799 .

161 1891 260 1967 terga
285 1870 440 1959 flumine,
472 1874 575 1944 latera
599 1870 735 1971 objeelu
760 1872 895 1969 paludis
920 1894 1140 1970 tegerentur:

162 1991 308 2090 quodssr
334 1990 491 2065 adfuiffet
517 1993 616 2081 fides,
641 2013 700 2066 aut
718 1991 872 2089 opprimi
897 1993 1062 2066 univerfis
1078 1994 1140 2066 Vi·
1176 2012 1177 2017 ’

147 2096 379 2187 ¹tullianorum
410 2112 542 2187 viribus
567 2115 647 2186 duae
676 2100 844 2211 legiones,
875 2115 1035 2185 nondum
1057 2139 1141 2186 con·

156 2232 279 2333 junelo
296 2237 448 2308 Moesico
472 2235 640 2322 exercitu,
672 2237 828 2332 potuere,
858 2254 916 2306 aut
933 2253 1022 2305 retro
1040 2236 1140 2323 aelae,

160 2354 290 2430 deserti
318 2355 431 2446 ltalia,
462 2375 602 2452 turpem
626 2352 747 2453 fugam
777 2351 1023 2428 conscivissent.
1073 2356 1141 2427 Sed
1252 2347 1254 2351 ¹

161 2476 314 2567 Caecina,
344 2501 406 2573 per
429 2475 539 2547 varias
560 2500 686 2564 moras,
718 2475 830 2572 prima
847 2473 1002 2546 hostibus
1021 2473 1141 2570 prodi-

45 2598 51 2603 ’
163 2596 214 2668 dit
230 2618 386 2693 tempora
403 2596 502 2685 belli,
521 2597 608 2669 dum
626 2623 714 2693 qnos
732 2592 834 2669 armis
852 2596 979 2692 pellere
996 2620 1141 2691 promp-

164 2725 239 2790 tum
270 2739 355 2804 erat,
392 2712 542 2814 epistolis
568 2718 737 2813 increpat,
767 2719 881 2789 donec
912 2741 971 2812 per
1004 2713 1143 2787 nuntios
1204 2781 1207 2801 ,

122 2895 123 2898 ,
164 2838 265 2933 paela
290 2835 442 2933 perfidiae
460 2839 622 2909 firmaret.
672 2838 814 2912 Interim
843 2836 1004 2934 Aponius
1028 2838 1143 2908 Satur·

163 2957 265 3030 ninus
280 2983 361 3030 cum
381 2957 517 3055 legione
534 2956 675 3054 septima
693 2958 882 3031 Claudiana
899 2956 1063 3047 advenit:
1093 2958 1142 3029 le·

163 3076 261 3175 gioni
291 3077 447 3151 tribunus
465 3078 658 3176 Vipstanius
684 3080 831 3152 Mellala
861 3099 1014 3176 praeerat,
1046 3076 1142 3149 claris

161 3197 363 3295 majoribus,
385 3199 543 3298 egregius
561 3198 643 3295 ipse,
664 3202 697 3271 δι
715 3199 775 3296 qui
794 3199 882 3271 solus
899 3201 942 3272 ad
957 3198 992 3271 id
1010 3199 1142 3270 bellum

160 3340 247 3433 artes
264 3321 373 3392 bonas
389 3321 560 3392 attulisset.
611 3304 690 3393 Has
707 3320 750 3391 ad
767 3319 899 3423 copias,
920 3344 1142 3416 nequaquam
1210 3353 1215 3365 ·

161 3441 349 3515 Vitellianis
367 3465 462 3538 pares
476 3440 629 3538 (quippe
644 3461 709 3511 tres
722 3440 836 3511 adhuc
856 3439 1008 3537 legiones
1025 3443 1139 3533 erant)
1161 3508 1164 3519 ,

161 3560 248 3635 misit
271 3562 428 3661 epistolas
449 3562 601 3651 Caecina,
629 3559 907 3634 “temeritatem
932 3561 1022 3633 viiia
1047 3586 1143 3633 arma

162 3690 189 3725 “
209 3683 453 3755 trastantium”
483 3681 656 3755 incusans:
688 3680 787 3752 simul
818 3687 845 3723 “
864 3680 970 3754 virtus
994 3683 1141 3753 Germa·

166 3810 193 3850 “
212 3802 282 3880 nici
312 3802 524 3895 exercitus,''
554 3799 717 3875 laudibus
749 3801 985 3890 attollebatur,
1011 3797 1139 3872 Vitellii
