2766 4658
198 348 247 429 μ
368 301 997 444 C.Cvonrrer.rrTncrr1.

200 492 375 598 cipionrm
397 503 502 577 etiam
524 502 721 602 legationes,
747 524 790 573 ac
813 525 895 597 pars
912 498 1021 577 Italiae
1039 488 1180 596 pericli·

152 653 155 661 ¹
199 620 356 697 tantibus
374 623 563 696 adfisteret:
588 621 670 694 cum
694 618 731 691 in
757 616 931 715 plerisque
938 617 1083 716 judiciis
1099 638 1180 689 cre·

199 743 297 816 deret
312 745 460 840 populus
477 745 661 814 Romanus
682 737 742 811 sual
758 737 908 810 intereffe
932 739 1022 835 quid
1036 736 1182 834 judica·

201 885 302 938 retur.
351 861 435 935 Satis
452 860 584 934 constat
606 861 652 934 C.
676 855 891 945 Cornelium,
914 857 951 927 dt
976 859 1036 930 M.
1065 850 1180 927 Scau<

199 1009 289 1074 nnn,
301 981 345 1075 δι
369 983 417 1055 T.
434 981 632 1071 Milonem,
656 980 695 1052 δι
711 980 757 1052 L.
773 975 933 1063 Bestiam,
957 973 993 1045 δι
1010 975 1055 1046 P.
1069 970 1176 1045 Vati-

200 1105 311 1195 nium,
338 1102 509 1178 concursu
526 1102 631 1177 totius
645 1098 791 1176 civitatis
811 1098 849 1170 dl
865 1091 1088 1169 accusatos&
1111 1092 1176 1165 de·

200 1224 329 1303 sensos:
357 1244 397 1298 ut
414 1222 648 1324 frigidissimos
672 1244 813 1319 quoque
835 1236 1001 1304 oratores,
1019 1211 1089 1312 ipsa
1102 1235 1183 1284 eer-

201 1347 306 1422 tantis
322 1346 445 1444 populi
469 1344 593 1434 studia,
618 1339 825 1417 excitare&
851 1336 1037 1412 incendere
1058 1352 1185 1432 potue-

110 1475 113 1481 ’
201 1469 282 1543 rint.
332 1471 453 1565 ltaque
468 1467 609 1540 hercule
624 1460 789 1563 ejusmodi
806 1452 884 1535 libri
905 1455 1053 1546 exstant,
1071 1475 1109 1529 ut
1121 1454 1188 1553 ipsr

204 1613 363 1688 quoque,
394 1589 455 1687 qui
479 1606 640 1688 egerunt,
668 1610 739 1660 non
750 1582 823 1658 aliis
844 1578 955 1679 tnagis
973 1573 1187 1667 orationibus

204 1695 417 1785 censeantur.
987 1799 991 1809 Ι

251 1832 335 1902 XL.
360 1830 448 1919 Jnnr
464 1828 548 1900 verd
565 1827 749 1902 conciones
765 1823 913 1918 affiduae,
931 1821 969 1894 δι
984 1820 1109 1894 datum
1126 1805 1188 1916 jus

201 1940 474 2042 potentiffimum
503 1966 682 2036 quemque
706 1946 874 2036 vexandi,
899 1962 1004 2041 atque
1027 1938 1099 2038 ipsa
1121 1937 1188 2011 ini·

201 2054 417 2133 micitiarum
435 2054 560 2156 gloria,
587 2057 670 2133 cirm
686 2058 720 2132 se
738 2060 883 2157 plurimi
906 2061 1125 2152 disertorum,
1142 2082 1189 2132 ne

200 2181 277 2254 aP.
299 2175 446 2277 quidem
463 2177 636 2278 Scipione,
654 2200 714 2254 aut
729 2181 837 2271 Sulla,
856 2201 914 2255 aut
927 2185 1005 2257 Cn.¹
1016 2158 1186 2280 Pompeio

202 2300 422 2392 abstinerent,
443 2299 483 2373 dt
510 2301 556 2373 ad
579 2300 793 2376 incessendos
821 2299 1004 2400 principes.
1019 2300 1124 2392 viros,
1147 2318 1188 2376 ut

204 2425 254 2498 est
283 2443 404 2520 natura
429 2421 584 2512 invidiae,
617 2421 738 2520 populi
763 2417 870 2496 etiam
891 2421 1075 2497 histriones
1097 2421 1187 2496 auri·

203 2548 270 2620 bus
300 2563 486 2633 uterentur,
520 2562 691 2640 quantum
722 2545 884 2621 ardorem
912 2542 1077 2642 ingeniis,
1102 2570 1190 2642 quaa

202 2665 396 2740 oratoribus
418 2661 510 2740 facea
535 2648 794 2738 admovebant!
845 2664 932 2737 Non
955 2665 1001 2739 de
1020 2664 1133 2740 otiosa
1154 2667 1190 2739 a

203 2787 322 2884 quietl
339 2810 375 2858 re
399 2783 590 2881 loquimur,
617 2787 748 2883 &quae
775 2783 946 2882 probitate
965 2789 1000 2859 &
1017 2783 1191 2861 modestia

196 2907 379 3003 gaudeat:
416 2904 474 2979 sed
508 2903 558 2978 est
583 2929 712 3005 magna
751 2904 810 2979 illa
845 2905 882 2977 δι
920 2906 1084 2981 notabilis
1115 2909 1191 2983 elo·

205 3026 360 3122 quentia,
400 3025 556 3099 alumna
578 3024 742 3115 licentia,
781 3051 889 3123 quam
916 3026 1010 3101 stulti
1048 3028 1193 3105 liberta·

202 3163 275 3239 tem
308 3148 495 3234 vocabant,
534 3170 653 3219 comes
684 3143 905 3238 seditionum,
937 3149 1094 3222 effrenati
1123 3176 1192 3249 po-

204 3263 278 3360 puli
307 3262 587 3356 incitamentum,
613 3269 682 3340 fine
710 3265 890 3366 obsequio,
919 3274 989 3345 sine
1010 3267 1187 3361 servitute,

146 3433 147 3436 =
206 3401 414 3474 contumax,
446 3385 639 3476 temeraria,
674 3387 859 3488 adrogans,
902 3416 983 3490 qua
1022 3390 1058 3465 in
1097 3393 1189 3463 bene
1240 3364 1244 3374 ¹

204 3500 399 3580 constitutis
432 3505 629 3582 civitatibus
662 3533 735 3581 non
777 3508 897 3584 oritur.
947 3516 1061 3610 Quem
1087 3508 1191 3587 enim

206 3645 378 3702 oratorem
406 3625 733 3722 Lacedaemonium,
760 3654 868 3730 quem
908 3627 1106 3708 Cretensem
1119 3616 1192 3708 vau:-
