<?xml version="1.0" encoding="UTF-8"?>
<!DOCTYPE html PUBLIC "-//W3C//DTD XHTML 1.0 Transitional//EN"
    "http://www.w3.org/TR/xhtml1/DTD/xhtml1-transitional.dtd">
<html xmlns="http://www.w3.org/1999/xhtml" xml:lang="en" lang="en">
 <head>
  <title>
</title>
<meta http-equiv="Content-Type" content="text/html;charset=utf-8" />
  <meta name='ocr-system' content='tesseract 3.04.00' />
  <meta name='ocr-capabilities' content='ocr_page ocr_carea ocr_par ocr_line ocrx_word'/>
</head>
<body>
  <div class='ocr_page' id='page_1' title='image "./ccorneliitaciti01freigoog_0121.png"; bbox 0 0 2834 5076; ppageno 0'>
   <div class='ocr_carea' id='block_1_1' title="bbox 258 352 1047 449">
    <p class='ocr_par' dir='ltr' id='par_1_1' title="bbox 258 352 1047 449">
     <span class='ocr_line' id='line_1_1' title="bbox 258 352 1047 449; baseline -0.008 -3"><span class='ocrx_word' id='word_1_1' title='bbox 258 372 325 447; x_wconf 76' lang='lat'>116</span> <span class='ocrx_word' id='word_1_2' title='bbox 457 368 498 449; x_wconf 81' lang='lat' dir='ltr'>C.</span> <span class='ocrx_word' id='word_1_3' title='bbox 538 352 803 449; x_wconf 66' lang='lat' dir='ltr'>Cannar-,rt</span> <span class='ocrx_word' id='word_1_4' title='bbox 847 360 1047 442; x_wconf 75' lang='lat' dir='ltr'>Taernr</span> 
     </span>
    </p>
   </div>
   <div class='ocr_carea' id='block_1_2' title="bbox 241 540 1306 2677">
    <p class='ocr_par' dir='ltr' id='par_1_2' title="bbox 241 540 1238 1339">
     <span class='ocr_line' id='line_1_2' title="bbox 257 540 1230 641; baseline -0.004 -24"><span class='ocrx_word' id='word_1_5' title='bbox 257 554 286 602; x_wconf 83' lang='lat'>‘·‘</span> <span class='ocrx_word' id='word_1_6' title='bbox 303 543 452 637; x_wconf 89' lang='lat' dir='ltr'>militum</span> <span class='ocrx_word' id='word_1_7' title='bbox 468 543 564 641; x_wconf 89' lang='lat' dir='ltr'>quod</span> <span class='ocrx_word' id='word_1_8' title='bbox 579 556 676 621; x_wconf 80' lang='lat' dir='ltr'>¹trans</span> <span class='ocrx_word' id='word_1_9' title='bbox 691 541 827 615; x_wconf 87' lang='lat' dir='ltr'>Padum</span> <span class='ocrx_word' id='word_1_10' title='bbox 843 541 969 616; x_wconf 79' lang='lat' dir='ltr'>fuerit-s</span> <span class='ocrx_word' id='word_1_11' title='bbox 997 540 1115 617; x_wconf 86' lang='lat' dir='ltr'>venire</span> <span class='ocrx_word' id='word_1_12' title='bbox 1131 541 1230 622; x_wconf 58' lang='lat' dir='ltr'>Mota</span> 
     </span>
     <span class='ocr_line' id='line_1_3' title="bbox 256 661 1227 760; baseline 0.009 -30"><span class='ocrx_word' id='word_1_13' title='bbox 256 674 285 730; x_wconf 67' lang='lat' dir='ltr'>‘f</span> <span class='ocrx_word' id='word_1_14' title='bbox 309 667 387 737; x_wconf 85' lang='lat' dir='ltr'>ficas</span> <span class='ocrx_word' id='word_1_15' title='bbox 410 661 586 758; x_wconf 81' lang='lat' dir='ltr'><strong>legiones:</strong></span> <span class='ocrx_word' id='word_1_16' title='bbox 614 686 780 759; x_wconf 85' lang='lat' dir='ltr'>magnam</span> <span class='ocrx_word' id='word_1_17' title='bbox 809 661 982 745; x_wconf 73' lang='lat' dir='ltr'>exercitlls,</span> <span class='ocrx_word' id='word_1_18' title='bbox 1008 682 1140 760; x_wconf 86' lang='lat' dir='ltr'>partem</span> <span class='ocrx_word' id='word_1_19' title='bbox 1164 665 1227 739; x_wconf 87' lang='lat' dir='ltr'>Be·</span> 
     </span>
     <span class='ocr_line' id='line_1_4' title="bbox 256 781 1231 884; baseline 0.001 -30"><span class='ocrx_word' id='word_1_20' title='bbox 256 793 283 829; x_wconf 88' lang='lat'>“</span> <span class='ocrx_word' id='word_1_21' title='bbox 311 781 413 884; x_wconf 53' lang='lat' dir='ltr'>tyriaci</span> <span class='ocrx_word' id='word_1_22' title='bbox 438 782 654 859; x_wconf 85' lang='lat' dir='ltr'>ternanlille:</span> <span class='ocrx_word' id='word_1_23' title='bbox 690 782 753 853; x_wconf 92' lang='lat' dir='ltr'>hos</span> <span class='ocrx_word' id='word_1_24' title='bbox 786 782 877 855; x_wconf 75' lang='lat' dir='ltr'>certe</span> <span class='ocrx_word' id='word_1_25' title='bbox 905 782 1065 855; x_wconf 89' lang='lat' dir='ltr'>nondum</span> <span class='ocrx_word' id='word_1_26' title='bbox 1093 781 1231 868; x_wconf 61' lang='lat' dir='ltr'>vietam</span> 
     </span>
     <span class='ocr_line' id='line_1_5' title="bbox 255 897 1235 1000; baseline -0.002 -24"><span class='ocrx_word' id='word_1_27' title='bbox 255 911 284 949; x_wconf 89' lang='lat'><strong>“</strong></span> <span class='ocrx_word' id='word_1_28' title='bbox 302 907 350 991; x_wconf 77' lang='grc' dir='ltr'>ὅτ,</span> <span class='ocrx_word' id='word_1_29' title='bbox 368 900 448 974; x_wconf 79' lang='lat' dir='ltr'>stlta</span> <span class='ocrx_word' id='word_1_30' title='bbox 464 897 582 990; x_wconf 84' lang='lat' dir='ltr'>ferret,</span> <span class='ocrx_word' id='word_1_31' title='bbox 600 900 772 974; x_wconf 74' lang='lat' dir='ltr'>honestius</span> <span class='ocrx_word' id='word_1_32' title='bbox 788 901 826 983; x_wconf 89' lang='lat' dir='ltr'>in</span> <span class='ocrx_word' id='word_1_33' title='bbox 841 902 915 978; x_wconf 88' lang='lat' dir='ltr'>acie</span> <span class='ocrx_word' id='word_1_34' title='bbox 932 901 1133 1000; x_wconf 82' lang='lat' dir='ltr'>petituros.‘&#39;</span> <span class='ocrx_word' id='word_1_35' title='bbox 1165 901 1235 978; x_wconf 87' lang='lat' dir='ltr'>His</span> 
     </span>
     <span class='ocr_line' id='line_1_6' title="bbox 241 1007 1238 1121; baseline -0.005 -24"><span class='ocrx_word' id='word_1_36' title='bbox 241 1007 520 1121; x_wconf 70' lang='lat' dir='ltr'>¹cogitationibus</span> <span class='ocrx_word' id='word_1_37' title='bbox 537 1041 649 1095; x_wconf 88' lang='lat' dir='ltr'>truces</span> <span class='ocrx_word' id='word_1_38' title='bbox 673 1016 732 1094; x_wconf 86' lang='lat' dir='ltr'>aut</span> <span class='ocrx_word' id='word_1_39' title='bbox 745 1022 877 1118; x_wconf 78' lang='lat' dir='ltr'>pavidi,</span> <span class='ocrx_word' id='word_1_40' title='bbox 903 1024 1057 1103; x_wconf 70' lang='lat' dir='ltr'>extremit</span> <span class='ocrx_word' id='word_1_41' title='bbox 1071 1015 1238 1117; x_wconf 55' lang='lat' dir='ltr'>despera:</span> 
     </span>
     <span class='ocr_line' id='line_1_7' title="bbox 254 1139 1230 1240; baseline -0.006 -19"><span class='ocrx_word' id='word_1_42' title='bbox 254 1142 349 1221; x_wconf 81' lang='lat' dir='ltr'>tione</span> <span class='ocrx_word' id='word_1_43' title='bbox 365 1145 411 1221; x_wconf 82' lang='lat' dir='ltr'>ad</span> <span class='ocrx_word' id='word_1_44' title='bbox 426 1143 514 1216; x_wconf 88' lang='lat' dir='ltr'>iram</span> <span class='ocrx_word' id='word_1_45' title='bbox 529 1139 665 1240; x_wconf 85' lang='lat' dir='ltr'>saepius,</span> <span class='ocrx_word' id='word_1_46' title='bbox 685 1140 794 1239; x_wconf 71' lang='lat' dir='ltr'>quam</span> <span class='ocrx_word' id='word_1_47' title='bbox 806 1140 843 1215; x_wconf 84' lang='lat' dir='ltr'>in</span> <span class='ocrx_word' id='word_1_48' title='bbox 855 1139 1092 1233; x_wconf 77' lang='lat' dir='ltr'>formidinem,</span> <span class='ocrx_word' id='word_1_49' title='bbox 1109 1141 1230 1216; x_wconf 88' lang='lat' dir='ltr'>stimu-</span> 
     </span>
     <span class='ocr_line' id='line_1_8' title="bbox 255 1264 426 1339; baseline 0.006 -3"><span class='ocrx_word' id='word_1_50' title='bbox 255 1264 426 1339; x_wconf 84' lang='lat' dir='ltr'>labantur.</span> 
     </span>
    </p>

    <p class='ocr_par' dir='ltr' id='par_1_3' title="bbox 253 1380 1306 2677">
     <span class='ocr_line' id='line_1_9' title="bbox 305 1380 1232 1480; baseline -0.002 -22"><span class='ocrx_word' id='word_1_51' title='bbox 305 1386 423 1458; x_wconf 86' lang='lat' dir='ltr'><strong>XLV.</strong></span> <span class='ocrx_word' id='word_1_52' title='bbox 459 1387 519 1459; x_wconf 79' lang='lat' dir='ltr'>Ar</span> <span class='ocrx_word' id='word_1_53' title='bbox 550 1380 757 1455; x_wconf 83' lang='lat' dir='ltr'>Vitellianus</span> <span class='ocrx_word' id='word_1_54' title='bbox 781 1381 965 1471; x_wconf 84' lang='lat' dir='ltr'>exercitus,</span> <span class='ocrx_word' id='word_1_55' title='bbox 996 1380 1041 1456; x_wconf 87' lang='lat' dir='ltr'>ad</span> <span class='ocrx_word' id='word_1_56' title='bbox 1070 1380 1232 1480; x_wconf 86' lang='lat' dir='ltr'>quintum</span> 
     </span>
     <span class='ocr_line' id='line_1_10' title="bbox 253 1500 1235 1599; baseline -0.006 -16"><span class='ocrx_word' id='word_1_57' title='bbox 253 1503 454 1583; x_wconf 74' lang='lat' dir='ltr'>aBebriaco</span> <span class='ocrx_word' id='word_1_58' title='bbox 476 1502 628 1599; x_wconf 81' lang='lat' dir='ltr'>lapide‘m</span> <span class='ocrx_word' id='word_1_59' title='bbox 655 1500 823 1590; x_wconf 87' lang='lat' dir='ltr'>consedit,</span> <span class='ocrx_word' id='word_1_60' title='bbox 862 1526 937 1573; x_wconf 88' lang='lat' dir='ltr'>non</span> <span class='ocrx_word' id='word_1_61' title='bbox 967 1503 1052 1574; x_wconf 85' lang='lat' dir='ltr'>aufis</span> <span class='ocrx_word' id='word_1_62' title='bbox 1085 1501 1235 1577; x_wconf 82' lang='lat' dir='ltr'>ducibus</span> 
     </span>
     <span class='ocr_line' id='line_1_11' title="bbox 255 1620 1233 1719; baseline -0.003 -22"><span class='ocrx_word' id='word_1_63' title='bbox 255 1625 376 1701; x_wconf 81' lang='lat' dir='ltr'>etdem</span> <span class='ocrx_word' id='word_1_64' title='bbox 405 1624 464 1696; x_wconf 90' lang='lat' dir='ltr'>die</span> <span class='ocrx_word' id='word_1_65' title='bbox 491 1620 791 1719; x_wconf 81' lang='lat' dir='ltr'>oppugnationem</span> <span class='ocrx_word' id='word_1_66' title='bbox 812 1620 1028 1694; x_wconf 81' lang='lat' dir='ltr'>castrontm:</span> <span class='ocrx_word' id='word_1_67' title='bbox 1056 1622 1154 1693; x_wconf 84' lang='lat' dir='ltr'>srmul</span> <span class='ocrx_word' id='word_1_68' title='bbox 1171 1647 1233 1694; x_wconf 91' lang='lat' dir='ltr'>vo-</span> 
     </span>
     <span class='ocr_line' id='line_1_12' title="bbox 256 1734 1234 1837; baseline -0.004 -20"><span class='ocrx_word' id='word_1_69' title='bbox 256 1743 403 1817; x_wconf 86' lang='lat' dir='ltr'>luntaria</span> <span class='ocrx_word' id='word_1_70' title='bbox 419 1742 552 1816; x_wconf 88' lang='lat' dir='ltr'>deditio</span> <span class='ocrx_word' id='word_1_71' title='bbox 568 1734 771 1837; x_wconf 84' lang='lat' dir='ltr'>sperabatur.</span> <span class='ocrx_word' id='word_1_72' title='bbox 820 1740 888 1814; x_wconf 87' lang='lat' dir='ltr'>Sed</span> <span class='ocrx_word' id='word_1_73' title='bbox 905 1738 1087 1836; x_wconf 84' lang='lat' dir='ltr'>expeditis,</span> <span class='ocrx_word' id='word_1_74' title='bbox 1107 1745 1140 1813; x_wconf 89' lang='lat'>&amp;</span> <span class='ocrx_word' id='word_1_75' title='bbox 1158 1762 1234 1814; x_wconf 87' lang='lat' dir='ltr'>tan·</span> 
     </span>
     <span class='ocr_line' id='line_1_13' title="bbox 255 1858 1235 1958; baseline -0.007 -15"><span class='ocrx_word' id='word_1_76' title='bbox 255 1864 331 1943; x_wconf 80' lang='lat' dir='ltr'>tirm</span> <span class='ocrx_word' id='word_1_77' title='bbox 348 1863 394 1938; x_wconf 76' lang='lat' dir='ltr'>ad</span> <span class='ocrx_word' id='word_1_78' title='bbox 410 1863 576 1958; x_wconf 83' lang='lat' dir='ltr'>proelium</span> <span class='ocrx_word' id='word_1_79' title='bbox 586 1862 733 1958; x_wconf 85' lang='lat' dir='ltr'>egreffis,</span> <span class='ocrx_word' id='word_1_80' title='bbox 751 1858 1010 1934; x_wconf 87' lang='lat' dir='ltr'>munimentum</span> <span class='ocrx_word' id='word_1_81' title='bbox 1025 1858 1123 1934; x_wconf 76' lang='lat' dir='ltr'>fuere</span> <span class='ocrx_word' id='word_1_82' title='bbox 1139 1885 1235 1936; x_wconf 90' lang='lat' dir='ltr'>arma</span> 
     </span>
     <span class='ocr_line' id='line_1_14' title="bbox 257 1978 1232 2080; baseline 0 -25"><span class='ocrx_word' id='word_1_83' title='bbox 257 1980 463 2061; x_wconf 71' lang='lat' dir='ltr'>&amp;victoria</span> <span class='ocrx_word' id='word_1_84' title='bbox 511 1979 649 2052; x_wconf 65' lang='lat' dir='ltr'>Postera</span> <span class='ocrx_word' id='word_1_85' title='bbox 666 1978 738 2070; x_wconf 88' lang='lat' dir='ltr'>die,</span> <span class='ocrx_word' id='word_1_86' title='bbox 767 1980 861 2055; x_wconf 83' lang='lat' dir='ltr'>haud</span> <span class='ocrx_word' id='word_1_87' title='bbox 886 1980 1056 2080; x_wconf 66' lang='lat' dir='ltr'>ambigua</span> <span class='ocrx_word' id='word_1_88' title='bbox 1081 1980 1232 2055; x_wconf 89' lang='lat' dir='ltr'>Othoni·</span> 
     </span>
     <span class='ocr_line' id='line_1_15' title="bbox 255 2096 1306 2197; baseline -0.003 -19"><span class='ocrx_word' id='word_1_89' title='bbox 255 2103 313 2179; x_wconf 85' lang='lat' dir='ltr'>ani</span> <span class='ocrx_word' id='word_1_90' title='bbox 343 2100 513 2176; x_wconf 68' lang='lat' dir='ltr'>exercitus</span> <span class='ocrx_word' id='word_1_91' title='bbox 533 2101 724 2189; x_wconf 87' lang='lat' dir='ltr'>voluntate,</span> <span class='ocrx_word' id='word_1_92' title='bbox 750 2103 783 2172; x_wconf 75' lang='grc' dir='ltr'>δι</span> <span class='ocrx_word' id='word_1_93' title='bbox 809 2098 870 2197; x_wconf 91' lang='lat' dir='ltr'>qui</span> <span class='ocrx_word' id='word_1_94' title='bbox 894 2096 1076 2175; x_wconf 78' lang='lat' dir='ltr'>ferociores</span> <span class='ocrx_word' id='word_1_95' title='bbox 1100 2100 1235 2175; x_wconf 87' lang='lat' dir='ltr'>fuerant</span> <span class='ocrx_word' id='word_1_96' title='bbox 1262 2137 1264 2141; x_wconf 95' lang='lat'>·</span> <span class='ocrx_word' id='word_1_97' title='bbox 1300 2107 1306 2116; x_wconf 83' lang='lat'>&#39;</span> 
     </span>
     <span class='ocr_line' id='line_1_16' title="bbox 256 2217 1234 2320; baseline -0.003 -24"><span class='ocrx_word' id='word_1_98' title='bbox 256 2225 300 2296; x_wconf 89' lang='lat' dir='ltr'>ad</span> <span class='ocrx_word' id='word_1_99' title='bbox 330 2218 563 2320; x_wconf 79' lang='lat' dir='ltr'>paenitentiam</span> <span class='ocrx_word' id='word_1_100' title='bbox 589 2218 847 2308; x_wconf 83' lang='lat' dir='ltr'>inclinantibus,</span> <span class='ocrx_word' id='word_1_101' title='bbox 878 2217 975 2292; x_wconf 85' lang='lat' dir='ltr'>miffa</span> <span class='ocrx_word' id='word_1_102' title='bbox 998 2218 1139 2316; x_wconf 82' lang='lat' dir='ltr'>legatio,</span> <span class='ocrx_word' id='word_1_103' title='bbox 1168 2245 1234 2294; x_wconf 88' lang='lat' dir='ltr'>nec</span> 
     </span>
     <span class='ocr_line' id='line_1_17' title="bbox 257 2337 1232 2440; baseline -0.004 -24"><span class='ocrx_word' id='word_1_104' title='bbox 257 2342 351 2440; x_wconf 89' lang='lat' dir='ltr'>apud</span> <span class='ocrx_word' id='word_1_105' title='bbox 374 2341 480 2414; x_wconf 88' lang='lat' dir='ltr'>duces</span> <span class='ocrx_word' id='word_1_106' title='bbox 497 2337 707 2424; x_wconf 87' lang='lat' dir='ltr'>Vitellianos</span> <span class='ocrx_word' id='word_1_107' title='bbox 723 2339 934 2428; x_wconf 86' lang='lat' dir='ltr'>dubitatum,</span> <span class='ocrx_word' id='word_1_108' title='bbox 959 2339 1147 2437; x_wconf 87' lang='lat' dir='ltr'>quominus</span> <span class='ocrx_word' id='word_1_109' title='bbox 1171 2364 1232 2438; x_wconf 89' lang='lat' dir='ltr'>pa·</span> 
     </span>
     <span class='ocr_line' id='line_1_18' title="bbox 259 2458 1234 2557; baseline -0.01 -14"><span class='ocrx_word' id='word_1_110' title='bbox 259 2491 337 2543; x_wconf 79' lang='lat' dir='ltr'>cern</span> <span class='ocrx_word' id='word_1_111' title='bbox 365 2461 605 2539; x_wconf 78' lang='lat' dir='ltr'>concederent.</span> <span class='ocrx_word' id='word_1_112' title='bbox 655 2460 781 2557; x_wconf 84' lang='lat' dir='ltr'>Legati</span> <span class='ocrx_word' id='word_1_113' title='bbox 809 2458 988 2557; x_wconf 86' lang='lat' dir='ltr'>paullisper</span> <span class='ocrx_word' id='word_1_114' title='bbox 1014 2459 1161 2533; x_wconf 86' lang='lat' dir='ltr'>retenti:</span> <span class='ocrx_word' id='word_1_115' title='bbox 1192 2484 1234 2534; x_wconf 88' lang='lat' dir='ltr'>ea</span> 
     </span>
     <span class='ocr_line' id='line_1_19' title="bbox 258 2579 1233 2677; baseline -0.008 -18"><span class='ocrx_word' id='word_1_116' title='bbox 258 2611 313 2661; x_wconf 88' lang='lat' dir='ltr'>res</span> <span class='ocrx_word' id='word_1_117' title='bbox 338 2579 586 2661; x_wconf 79' lang='lat' dir='ltr'>haefitationcm</span> <span class='ocrx_word' id='word_1_118' title='bbox 610 2579 738 2668; x_wconf 89' lang='lat' dir='ltr'>attulit,</span> <span class='ocrx_word' id='word_1_119' title='bbox 764 2579 899 2677; x_wconf 72' lang='lat' dir='ltr'>ignaris,</span> <span class='ocrx_word' id='word_1_120' title='bbox 916 2581 1031 2654; x_wconf 90' lang='lat' dir='ltr'>adhuc</span> <span class='ocrx_word' id='word_1_121' title='bbox 1053 2605 1098 2654; x_wconf 84' lang='lat' dir='ltr'>an</span> <span class='ocrx_word' id='word_1_122' title='bbox 1119 2579 1233 2677; x_wconf 86' lang='lat' dir='ltr'>impe-</span> 
     </span>
    </p>
   </div>
   <div class='ocr_carea' id='block_1_3' title="bbox 146 2693 1234 2797">
    <p class='ocr_par' dir='ltr' id='par_1_4' title="bbox 146 2693 1234 2797">
     <span class='ocr_line' id='line_1_20' title="bbox 146 2693 1234 2797; baseline -0.001 -21"><span class='ocrx_word' id='word_1_123' title='bbox 146 2723 148 2729; x_wconf 69' lang='lat'><strong><em>‘</em></strong></span> <span class='ocrx_word' id='word_1_124' title='bbox 257 2705 404 2778; x_wconf 81' lang='lat' dir='ltr'>trallent.</span> <span class='ocrx_word' id='word_1_125' title='bbox 454 2703 548 2775; x_wconf 85' lang='lat' dir='ltr'>Mox</span> <span class='ocrx_word' id='word_1_126' title='bbox 573 2696 705 2771; x_wconf 84' lang='lat' dir='ltr'>remissal</span> <span class='ocrx_word' id='word_1_127' title='bbox 735 2699 920 2797; x_wconf 83' lang='lat' dir='ltr'>legatione,</span> <span class='ocrx_word' id='word_1_128' title='bbox 951 2696 1062 2797; x_wconf 85' lang='lat' dir='ltr'>patuit</span> <span class='ocrx_word' id='word_1_129' title='bbox 1089 2693 1234 2775; x_wconf 82' lang='lat' dir='ltr'>vallum.</span> 
     </span>
    </p>
   </div>
   <div class='ocr_carea' id='block_1_4' title="bbox 259 2818 1235 3871">
    <p class='ocr_par' dir='ltr' id='par_1_5' title="bbox 259 2818 1235 3871">
     <span class='ocr_line' id='line_1_21' title="bbox 259 2818 1235 2916; baseline -0.003 -19"><span class='ocrx_word' id='word_1_130' title='bbox 259 2824 358 2897; x_wconf 92' lang='lat' dir='ltr'>Tum</span> <span class='ocrx_word' id='word_1_131' title='bbox 381 2820 465 2894; x_wconf 64' lang='lat' dir='ltr'>vicli</span> <span class='ocrx_word' id='word_1_132' title='bbox 483 2819 696 2916; x_wconf 73' lang='lat' dir='ltr'>vietoresque</span> <span class='ocrx_word' id='word_1_133' title='bbox 720 2818 756 2891; x_wconf 90' lang='lat' dir='ltr'>in</span> <span class='ocrx_word' id='word_1_134' title='bbox 785 2819 942 2893; x_wconf 85' lang='lat' dir='ltr'>lacrimas</span> <span class='ocrx_word' id='word_1_135' title='bbox 971 2822 1081 2910; x_wconf 85' lang='lat' dir='ltr'>effuli,</span> <span class='ocrx_word' id='word_1_136' title='bbox 1109 2821 1235 2896; x_wconf 86' lang='lat' dir='ltr'>sortem</span> 
     </span>
     <span class='ocr_line' id='line_1_22' title="bbox 259 2937 1235 3017; baseline -0.002 -2"><span class='ocrx_word' id='word_1_137' title='bbox 259 2939 415 3015; x_wconf 85' lang='lat' dir='ltr'>civilium</span> <span class='ocrx_word' id='word_1_138' title='bbox 433 2967 608 3014; x_wconf 88' lang='lat' dir='ltr'>armorum</span> <span class='ocrx_word' id='word_1_139' title='bbox 629 2937 760 3013; x_wconf 69' lang='lat' dir='ltr'>miserat</span> <span class='ocrx_word' id='word_1_140' title='bbox 782 2939 897 3012; x_wconf 69' lang='lat' dir='ltr'>letitie</span> <span class='ocrx_word' id='word_1_141' title='bbox 912 2940 1127 3017; x_wconf 81' lang='lat' dir='ltr'>detestantes.</span> <span class='ocrx_word' id='word_1_142' title='bbox 1176 2938 1235 3014; x_wconf 87' lang='lat' dir='ltr'>lis·</span> 
     </span>
     <span class='ocr_line' id='line_1_23' title="bbox 259 3058 1234 3157; baseline -0.002 -23"><span class='ocrx_word' id='word_1_143' title='bbox 259 3060 345 3135; x_wconf 87' lang='lat' dir='ltr'>dem</span> <span class='ocrx_word' id='word_1_144' title='bbox 356 3059 523 3148; x_wconf 85' lang='lat' dir='ltr'>tentoriis,</span> <span class='ocrx_word' id='word_1_145' title='bbox 541 3059 598 3133; x_wconf 91' lang='lat' dir='ltr'>alii</span> <span class='ocrx_word' id='word_1_146' title='bbox 616 3058 773 3150; x_wconf 86' lang='lat' dir='ltr'>fratrum,</span> <span class='ocrx_word' id='word_1_147' title='bbox 791 3059 848 3134; x_wconf 91' lang='lat' dir='ltr'>alii</span> <span class='ocrx_word' id='word_1_148' title='bbox 865 3060 1141 3157; x_wconf 86' lang='lat' dir='ltr'>propinquorum</span> <span class='ocrx_word' id='word_1_149' title='bbox 1157 3059 1234 3134; x_wconf 84' lang='lat' dir='ltr'>vul·</span> 
     </span>
     <span class='ocr_line' id='line_1_24' title="bbox 259 3176 1232 3276; baseline -0.003 -23"><span class='ocrx_word' id='word_1_150' title='bbox 259 3203 339 3253; x_wconf 87' lang='lat' dir='ltr'>nera</span> <span class='ocrx_word' id='word_1_151' title='bbox 355 3176 531 3251; x_wconf 89' lang='lat' dir='ltr'>fovebant.</span> <span class='ocrx_word' id='word_1_152' title='bbox 580 3179 715 3274; x_wconf 85' lang='lat' dir='ltr'>Spes&amp;</span> <span class='ocrx_word' id='word_1_153' title='bbox 734 3180 877 3276; x_wconf 85' lang='lat' dir='ltr'>praemia</span> <span class='ocrx_word' id='word_1_154' title='bbox 889 3179 925 3255; x_wconf 93' lang='lat' dir='ltr'>in</span> <span class='ocrx_word' id='word_1_155' title='bbox 940 3178 1133 3276; x_wconf 64' lang='lat' dir='ltr'>ambiguos</span> <span class='ocrx_word' id='word_1_156' title='bbox 1158 3203 1232 3251; x_wconf 87' lang='lat' dir='ltr'>cer-</span> 
     </span>
     <span class='ocr_line' id='line_1_25' title="bbox 259 3295 1230 3397; baseline -0.004 -24"><span class='ocrx_word' id='word_1_157' title='bbox 259 3319 294 3373; x_wconf 86' lang='lat' dir='ltr'>ta</span> <span class='ocrx_word' id='word_1_158' title='bbox 310 3295 430 3369; x_wconf 79' lang='lat' dir='ltr'>funera</span> <span class='ocrx_word' id='word_1_159' title='bbox 443 3303 476 3370; x_wconf 67' lang='grc' dir='ltr'>ὅ(</span> <span class='ocrx_word' id='word_1_160' title='bbox 494 3300 616 3371; x_wconf 70' lang='grc' dir='ltr'>Ιυξὶυε.</span> <span class='ocrx_word' id='word_1_161' title='bbox 666 3300 744 3372; x_wconf 90' lang='lat' dir='ltr'>Nec</span> <span class='ocrx_word' id='word_1_162' title='bbox 762 3297 945 3397; x_wconf 87' lang='lat' dir='ltr'>quisquam</span> <span class='ocrx_word' id='word_1_163' title='bbox 960 3298 1047 3374; x_wconf 81' lang='lat' dir='ltr'>ad&#39;ci)</span> <span class='ocrx_word' id='word_1_164' title='bbox 1072 3297 1153 3375; x_wconf 82' lang='lat' dir='ltr'>mali</span> <span class='ocrx_word' id='word_1_165' title='bbox 1169 3322 1230 3371; x_wconf 83' lang='lat' dir='ltr'>ex·</span> 
     </span>
     <span class='ocr_line' id='line_1_26' title="bbox 262 3416 1230 3515; baseline -0.003 -25"><span class='ocrx_word' id='word_1_166' title='bbox 262 3442 351 3515; x_wconf 90' lang='lat' dir='ltr'>pers,</span> <span class='ocrx_word' id='word_1_167' title='bbox 380 3437 420 3487; x_wconf 90' lang='lat' dir='ltr'>ut</span> <span class='ocrx_word' id='word_1_168' title='bbox 435 3441 506 3488; x_wconf 93' lang='lat' dir='ltr'>non</span> <span class='ocrx_word' id='word_1_169' title='bbox 522 3417 675 3512; x_wconf 89' lang='lat' dir='ltr'>aliquam</span> <span class='ocrx_word' id='word_1_170' title='bbox 701 3438 851 3495; x_wconf 85' lang='lat' dir='ltr'>mortem</span> <span class='ocrx_word' id='word_1_171' title='bbox 880 3437 1045 3493; x_wconf 82' lang='lat' dir='ltr'>ntaereret.</span> <span class='ocrx_word' id='word_1_172' title='bbox 1096 3416 1230 3514; x_wconf 89' lang='lat' dir='ltr'>Requi·</span> 
     </span>
     <span class='ocr_line' id='line_1_27' title="bbox 264 3534 1234 3635; baseline -0.004 -22"><span class='ocrx_word' id='word_1_173' title='bbox 264 3542 363 3614; x_wconf 88' lang='lat' dir='ltr'>sttum</span> <span class='ocrx_word' id='word_1_174' title='bbox 391 3534 552 3629; x_wconf 91' lang='lat' dir='ltr'>Orphidii</span> <span class='ocrx_word' id='word_1_175' title='bbox 575 3536 680 3633; x_wconf 83' lang='lat' dir='ltr'>legati</span> <span class='ocrx_word' id='word_1_176' title='bbox 707 3562 847 3635; x_wconf 90' lang='lat' dir='ltr'>corpus,</span> <span class='ocrx_word' id='word_1_177' title='bbox 880 3539 1011 3615; x_wconf 88' lang='lat' dir='ltr'>honore</span> <span class='ocrx_word' id='word_1_178' title='bbox 1038 3538 1134 3614; x_wconf 92' lang='lat' dir='ltr'>solito</span> <span class='ocrx_word' id='word_1_179' title='bbox 1160 3562 1234 3610; x_wconf 89' lang='lat' dir='ltr'>cre·</span> 
     </span>
     <span class='ocr_line' id='line_1_28' title="bbox 265 3654 1235 3756; baseline -0.001 -23"><span class='ocrx_word' id='word_1_180' title='bbox 265 3677 391 3735; x_wconf 88' lang='lat' dir='ltr'>matur.</span> <span class='ocrx_word' id='word_1_181' title='bbox 439 3654 570 3731; x_wconf 87' lang='lat' dir='ltr'>Paucos</span> <span class='ocrx_word' id='word_1_182' title='bbox 588 3655 762 3734; x_wconf 74' lang='lat' dir='ltr'>necessarii</span> <span class='ocrx_word' id='word_1_183' title='bbox 778 3655 929 3754; x_wconf 91' lang='lat' dir='ltr'>ipsorum</span> <span class='ocrx_word' id='word_1_184' title='bbox 946 3657 1151 3756; x_wconf 65' lang='lat' dir='ltr'>sepelinire:</span> <span class='ocrx_word' id='word_1_185' title='bbox 1178 3682 1235 3732; x_wconf 87' lang='lat' dir='ltr'>ce·</span> 
     </span>
     <span class='ocr_line' id='line_1_29' title="bbox 263 3768 1018 3871; baseline 0.003 -16"><span class='ocrx_word' id='word_1_186' title='bbox 263 3801 376 3855; x_wconf 83' lang='lat' dir='ltr'>temm</span> <span class='ocrx_word' id='word_1_187' title='bbox 393 3773 530 3871; x_wconf 78' lang='lat' dir='ltr'>vulgus,</span> <span class='ocrx_word' id='word_1_188' title='bbox 558 3768 659 3870; x_wconf 84' lang='lat' dir='ltr'>super</span> <span class='ocrx_word' id='word_1_189' title='bbox 674 3776 823 3856; x_wconf 86' lang='lat' dir='ltr'>humum</span> <span class='ocrx_word' id='word_1_190' title='bbox 846 3777 1018 3857; x_wconf 72' lang='lat' dir='ltr'>relietum</span> 
     </span>
    </p>
   </div>
   <div class='ocr_carea' id='block_1_5' title="bbox 0 0 1425 5076">
    <p class='ocr_par' dir='ltr' id='par_1_6' title="bbox 0 0 1425 5076">
     <span class='ocr_line' id='line_1_30' title="bbox 0 0 1425 5076; baseline 0 0"><span class='ocrx_word' id='word_1_191' title='bbox 0 0 1425 5076; x_wconf 95' lang='lat' dir='ltr'> </span> 
     </span>
    </p>
   </div>
  </div>
 </body>
</html>
