2766 4658
328 300 579 387 Drnaocus
617 311 1031 387 naOnaroarnosr
1123 332 1169 409 37
1280 371 1332 405 ἱ,

189 498 291 578 num,
318 486 376 563 sed
392 490 517 566 defidia
529 487 734 588 juventutis,
755 492 788 563 &
806 485 1018 587 negligentis
1047 506 1167 583 paren·

188 622 282 699 tum,
306 609 531 684 &inscientia
548 607 838 709 praecipientium,
853 615 887 682 &
900 605 1078 681 oblivione
1090 628 1169 676 mo·

188 727 234 802 ris
246 730 404 828 antiqui?
426 744 505 829 quae
522 732 613 805 mala
629 727 785 829 primirm
801 729 838 802 in
852 731 954 804 Urbe
971 745 1063 816 nata,
1082 742 1170 798 mox

70 850 74 860 ’
188 873 250 946 per
264 849 496 940 Italiamfusa,
509 848 634 947 jamin
653 848 846 946 provincias
862 866 1025 922 manant:
1046 870 1171 943 quam·

186 989 295 1066 quam
321 971 436 1044 nostra
457 970 560 1043 nobis
587 967 723 1043 notiora
746 968 834 1042 sunt.
886 971 967 1065 Ego
990 969 1035 1041 de
1052 970 1169 1057 Urbe,

187 1092 221 1162 δι
247 1089 302 1162 his
331 1080 480 1187 propriis
506 1113 547 1163 ac
578 1088 772 1197 vernaculis
807 1087 901 1160 vitiis
924 1090 1062 1185 loquar,
1092 1111 1171 1186 quae

186 1227 287 1282 natos
308 1207 423 1281 statim
436 1209 630 1307 excipiunt,
658 1215 692 1284 ἃ
713 1234 775 1308 per
791 1209 943 1306 fingulos
959 1207 1068 1281 atatis
1092 1231 1171 1305 gra-

185 1327 253 1402 dus
278 1331 528 1416 cumulantur3
555 1332 578 1404 sr
604 1329 698 1427 prius
726 1330 772 1403 de
800 1328 978 1402 severitate
1005 1352 1047 1401 ae
1068 1325 1171 1401 disei-

186 1450 283 1548 plina
301 1449 472 1548 majorum
484 1451 576 1525 eirca
592 1451 791 1549 educandos
804 1446 1072 1546 formandosque
1085 1446 1172 1521 libe·-

185 1595 244 1645 ros
261 1597 372 1670 pauca
390 1571 599 1670 praedixero.
649 1552 731 1667 Jam
755 1570 925 1670 primum,
949 1567 1027 1642 suus
1043 1567 1172 1664 cuique

186 1692 293 1782 filius,
316 1717 361 1765 ex
377 1691 468 1766 easta
489 1710 628 1791 parente
651 1707 766 1781 natus,
795 1717 866 1765 non
885 1690 923 1763 in
938 1689 1025 1763 celld
1043 1704 1173 1786 emptae

135 1874 147 1887 ..
184 1811 344 1904 nutricis,
383 1811 442 1887 sed
470 1811 605 1912 gremio
631 1838 672 1887 ac
699 1815 773 1901 sinu
798 1811 916 1885 matris
944 1810 1171 1902 educabatur,
1265 1874 1273 1895 ,

185 1931 284 2030 cujus
302 1932 481 2032 praecipua
498 1936 571 2008 laus
587 1953 672 2022 erat,
696 1931 786 2005 tueri
805 1932 969 2021 domum,
997 1931 1035 2002 &
1063 1929 1189 2006 inser·'

186 2054 261 2128 vire
279 2054 410 2129 liberis.
460 2054 666 2153 Eligebatur
682 2073 800 2126 autem
817 2052 934 2148 aliqua
959 2048 1071 2148 major
1087 2070 1172 2126 natu

184 2155 397 2274 propinqua,
439 2156 537 2270 cujus
573 2171 727 2269 probatis
761 2169 986 2267 spectatisque
1014 2171 1172 2247 moribus

183 2294 301 2368 omnis
322 2291 473 2388 ejusdem
490 2290 632 2362 familiae
650 2288 784 2364 soboles
801 2288 1091 2379 committeretur,
1109 2315 1170 2364 co·

183 2437 258 2487 ram
275 2413 344 2508 qual
361 2431 477 2507 neque
491 2409 607 2483 dicere
624 2407 674 2483 fas
697 2429 781 2498 erat,
808 2410 906 2507 quod
931 2428 1032 2506 turpe
1055 2408 1168 2501 discu,

184 2555 301 2630 neque
328 2527 453 2621 facere,
499 2531 597 2628 quod
610 2529 843 2605 “inhonestum
865 2528 959 2604 fastu
982 2529 1170 2605 videretur.
1230 2551 1232 2553 ’

184 2657 343 2726 Aenon
376 2649 489 2725 studia
522 2647 631 2725 modi>
663 2645 843 2748 curasque,
873 2650 932 2725 sed
960 2649 1170 2725 remiffiones

184 2771 288 2845 etiam
318 2768 478 2868 lususque
506 2795 707 2869 puerorum,
740 2769 917 2845 sanctitate
945 2772 1099 2870 quddam
1127 2796 1170 2845 ac

183 2891 394 2965 verecundia
409 2893 637 2989 temperabat.
686 2891 743 2964 Sic
771 2891 970 2966 Corneliam
987 2892 1169 2978 Graccho,-

184 3037 279 3103 rum,
309 3016 354 3086 src
387 3012 570 3087 Aureliam
598 3011 749 3101 Caesaris,
787 3015 832 3085 fic
864 3011 985 3085 Atiam
1016 3010 1170 3110 Augusti

184 3152 335 3209 matrem
365 3131 539 3230 prefuisse
576 3131 851 3221 educationibus,
887 3157 928 3204 ac
970 3132 1170 3230 produxisse

185 3253 360 3353 principes
375 3252 502 3327 liberos
517 3252 716 3352 accepimus
732 3282 741 3327 r
769 3278 849 3350 qua
870 3250 1051 3348 disciplina
1061 3280 1102 3327 ac
1117 3253 1167 3327 se·
1242 3290 1258 3306 ·

184 3373 307 3463 veritas
335 3372 379 3447 eb
413 3363 621 3472 pertinebat,
652 3393 692 3446 ut
717 3378 857 3461 fincera,
883 3371 921 3443 δι
946 3372 1094 3472 integra,
1128 3375 1168 3447 δε

183 3495 289 3570 nullis
311 3493 538 3594 pravitatibus
563 3494 713 3583 detorta,
752 3492 1018 3591 uniuscujusque
1046 3515 1168 3569 natura

184 3633 262 3689 toto
278 3615 392 3692 statim
409 3617 548 3715 pedore
565 3615 727 3714 arriperet
744 3635 831 3688 artes
847 3612 1020 3706 honestas,
1035 3609 1080 3685 δι
1098 3616 1169 3687 five

184 3735 323 3814 adrem
340 3735 542 3834 militarem,
568 3739 636 3814 sive
650 3733 793 3855 adjutis
817 3732 1007 3829 scientiam,
1038 3735 1106 3808 srve
1123 3733 1169 3808 ad

673 3857 710 3931 D
735 3882 757 3956 3
