2806 4694
369 376 778 450 Hnssonrnnurn
812 376 1004 450 Lissll.
1091 323 1170 478 ⁴85

185 560 213 596 “
231 550 331 643 mari,
356 551 428 625 huc
449 548 640 648 adpulsam.
689 550 762 623 sed·
784 549 959 624 scientiam
988 571 1169 651 artemque

184 683 211 720 “
230 672 454 772 haruspicum
471 671 634 761 accitam,
663 673 696 743 δι
726 670 872 744 Cilicem
894 672 1100 746 Thamiram
1117 674 1171 746 in-

99 805 102 814 “
187 799 215 838 n
233 795 353 868 tulisse.
404 797 525 891 Atque
544 792 589 864 ita
606 794 760 889 pastum,
778 813 817 864 ut
841 789 982 865 familiae
995 792 1170 891 utriusque
1276 816 1279 819 ’

186 924 213 960 “
232 915 357 1013 posteri
375 912 580 987 caerimoniis
605 913 854 1010 praefiderent.'’
904 915 1012 1001 M'ox,
1037 938 1080 985 ne
1103 917 1168 985 ho-

185 1059 267 1110 nore
307 1038 407 1129 qullo
452 1035 587 1133 regium
628 1059 738 1131 genus
771 1033 992 1131 peregrinam
1027 1034 1169 1132 stirpem

186 1146 417 1250 antecelleret,
446 1156 533 1253 ipss,
560 1181 667 1252 quam
694 1154 892 1242 intulerant,
922 1151 1061 1226 scientias
1093 1154 1170 1227 hos·

187 1277 274 1375 pites
319 1275 470 1350 cesssre:
508 1276 642 1348 tantlrm
670 1273 860 1370 Cinyrades
898 1272 1055 1347 sacerdos
1078 1292 1172 1348 ‘con-

188 1386 320 1469 sulitur.
347 1390 348 1393 ¹
371 1396 521 1485 Hostiae,
555 1415 592 1467 ut
630 1393 773 1492 quisque
802 1391 925 1479 vovit3
970 1393 1028 1467 sed
1061 1420 1170 1468 mares

186 1516 395 1614 deliguntur.
437 1516 626 1589 Certissima
640 1516 726 1588 fides
739 1517 921 1588 haedorum
939 1515 1042 1587 libris.
1085 1519 1170 1589 San·

188 1637 328 1733 guinem
349 1663 417 1710 arae
442 1634 637 1710 obfundere
653 1630 824 1708 vetitum:
858 1634 1014 1731 precibus
1035 1636 1169 1734 &igne

186 1781 276 1853 puro
292 1757 411 1830 altaria
426 1758 624 1846 adolentur,
642 1781 707 1830 nec
724 1755 803 1829 ullis
829 1754 1013 1847 imbribus
1044 1783 1167 1854 quam·

187 1902 295 1974 quam
328 1876 364 1949 in
398 1899 531 1975 apert0,
566 1876 779 1951 madescunt.
830 1875 1059 1950 Simulacrum
1092 1879 1168 1952 deae

187 2021 260 2069 non
277 1997 391 2097 effigie
412 1994 564 2071 humans
581 2028 589 2070 :
615 1980 800 2073 continuus
825 1995 917 2069 orbis
934 1996 1052 2070 latiore
1069 1998 1168 2074 initio

187 2133 324 2192 tenuem
352 2119 388 2192 in
404 2121 594 2209 ambitum,
622 2140 725 2193 metae
743 2120 865 2211 modo,
894 2120 1105 2221 exsurgens:
1135 2125 1169 2193 ὅτ

186 2239 270 2312 ratio
287 2240 323 2312 in
340 2229 499 2342 obscuro.

232 2363 294 2434 lV.
319 2364 459 2452 Trrus,
485 2358 636 2459 spectata
652 2361 827 2459 opulentis
844 2361 1014 2460 donisque
1028 2386 1166 2460 regum,

185 2507 333 2582 quaeque
360 2483 428 2556 alia
452 2484 572 2556 laetum
600 2481 860 2580 antiquitatibus
877 2484 1082 2556 Graecorum
1107 2507 1168 2581 ge-

187 2629 250 2692 nus
278 2604 415 2679 incertae
440 2603 598 2677 vetustati
627 2604 787 2701 adfingit,
825 2611 852 2646 “
877 2603 923 2676 de
946 2602 1169 2703 navigatione

189 2729 217 2763 “
236 2723 414 2819 primirm’'
432 2723 616 2797 consuluit.
664 2724 855 2823 Postquam
885 2726 1032 2822 “pandi
1058 2725 1167 2817 viam,

170 2848 225 2888 ·“
238 2846 272 2916 ἃ
292 2868 385 2916 mare
404 2843 621 2940 prosperum''
644 2845 794 2942 accepit,
812 2846 856 2918 de
874 2844 908 2918 se
925 2849 1169 2945 perambages

187 2960 391 3061 interrogat,
421 2967 513 3037 caesrs
539 2965 775 3064 compluribus
802 2966 932 3040 hostiis.
982 2967 1165 3058 Sostratus,

185 3078 365 3157 sacerdotis
388 3084 424 3158 id
443 3110 570 3159 nornen
587 3109 673 3176 erat,
699 3088 760 3160 ubi
779 3088 856 3160 laeta
881 3092 915 3159 δι
945 3090 1172 3186 congruentia

184 3226 281 3295 exta,
319 3205 523 3305 magnisque
555 3206 717 3282 consultis
747 3233 896 3281 annuere
921 3208 1024 3280 deam
1059 3209 1168 3300 videt,

76 3374 78 3377 -
183 3349 295 3421 pauca
313 3325 348 3398 in
367 3327 510 3424 praesens
527 3332 561 3402 &
579 3328 677 3402 solita
691 3328 915 3426 respondens,
939 3328 1047 3426 petito
1063 3328 1170 3404 secre-
1205 3351 1210 3357 ·

183 3464 233 3534 to,
252 3444 367 3518 sutura
388 3447 508 3545 aperit.
558 3449 676 3538 Titus,
698 3451 799 3522 audo
815 3449 947 3542 animo,
974 3449 1017 3523 ad
1037 3469 1171 3547 patrem

185 3568 379 3662 pervedus,
413 3566 575 3666 suspensrs
604 3569 861 3665 provinciarum
890 3574 924 3644 u
952 3571 1169 3645 exercituum

186 3686 375 3778 mentibus,
393 3687 516 3787 ingens
534 3703 650 3762 retum
668 3690 796 3779 fiduci&
808 3695 954 3766 acceffit.
996 3690 1170 3786 Profliga-

185 3827 281 3880 verat
299 3809 431 3883 bellum
444 3808 631 3903 Judaicum
650 3808 885 3906 Vespasranus,
909 3807 1172 3929 oppugnatione

657 3930 691 4001 G
718 3955 737 4026 3
