2752 4710
230 403 277 502 36
415 399 458 472 C.
493 398 769 474 Conunnrr
805 398 1015 476 Tncrrr

231 563 299 662 tus,
327 573 444 664 credo,
473 598 519 647 ne
544 572 670 647 multos
699 570 905 662 offenderet,
937 576 962 646 si
988 595 1118 670 paucos
1146 595 1212 646 ex·

233 694 425 792 cerpfiffet:
461 712 586 790 quotus
617 690 713 764 enim
752 689 895 789 quisque
927 691 1212 768 scholasticorum

231 839 305 887 non
320 815 385 886 hac
401 812 458 885 sul
474 809 688 909 persuasione
717 808 852 903 fruitur,
878 831 917 884 ut
942 810 977 885 se
1002 832 1085 886 ante
1109 812 1213 886 Cice-

230 958 353 1007 ronem
369 951 542 1022 numeret,
567 929 627 1006 sed
646 930 749 1027 plane
768 931 847 1029 post
870 931 1133 1007 Gabinianum?

149 1068 151 1071 ’
279 1054 434 1144 XXVII.
460 1057 521 1125 Ar
540 1076 609 1151 ego
627 1077 702 1150 non
719 1055 863 1126 verebor
890 1052 1067 1126 nominare
1095 1056 1215 1150 singu·

163 1182 179 1194 '‘
231 1176 297 1263 los,
335 1170 408 1271 quii
436 1168 582 1262 facilibs‚
612 1172 791 1270 propositis
816 1173 1001 1273 exemplis,
1033 1193 1214 1271 appareat,

231 1292 361 1393 quibus
379 1291 545 1391 gradibus
561 1290 665 1367 fratta
691 1296 728 1366 fit
753 1297 787 1368 δι
809 1293 989 1368 deminuta
1005 1292 1213 1392 eloquentia.

19 1476 24 1487 ,
117 1497 121 1511 .
230 1419 454 1511 Appropera,
488 1413 601 1511 inquit
631 1414 817 1508 Maternus,
853 1420 888 1496 ἃ,
918 1415 1034 1514 potibs
1073 1412 1249 1488 exsolve·

231 1532 436 1631 promissum
452 1560 461 1606 ε
487 1559 602 1633 neque
618 1534 714 1610 enim
730 1536 798 1609 hoc
823 1536 943 1636 colligi
965 1535 1211 1625 desideramus,

229 1651 418 1729 disertiores
435 1655 502 1727 effe
525 1654 700 1754 antiquos,
730 1657 828 1754 quod
845 1657 941 1755 apud
963 1682 1020 1731 me
1048 1655 1213 1753 equidem

229 1773 268 1849 in
295 1773 449 1854 confeffo
475 1775 538 1864 est,
569 1774 628 1848 sed
660 1775 775 1851 causas
804 1776 1035 1876 exquirimus,
1065 1802 1151 1875 quas
1178 1795 1215 1849 te

229 1888 367 1981 solitum
396 1896 553 1983 tradate,
585 1898 705 1994 paullo
729 1897 823 1988 anti,
859 1897 961 1994 plane
978 1896 1112 1972 mitiore
1139 1897 1214 1971 elo.-

231 2013 386 2116 quentil‚
414 2016 667 2109 &temporum
685 2013 897 2106 nostrorum,
925 2021 1085 2111 miratus,
1113 2038 1213 2091 ante-

230 2163 338 2235 quam
363 2156 397 2221 te
414 2139 512 2234 Aper
535 2132 727 2215 offenderet
741 2130 886 2230 majores
905 2153 982 2209 tuos
1003 2138 1214 2211 Iaceffendo.

230 2260 316 2333 Non
345 2255 436 2346 sum,
469 2257 585 2352 inquit,
614 2252 761 2351 offensus
791 2253 926 2351 Aprinl
951 2253 1210 2352 disputatione3

228 2403 294 2456 nec
312 2404 374 2454 vos
390 2377 522 2453 offendi
538 2375 692 2467 decebit,
723 2379 747 2454 sr
764 2375 851 2473 quid
868 2366 960 2448 forte
971 2401 1070 2452 aures
1083 2377 1217 2452 vestras
1342 2372 1346 2377 “

228 2496 458 2597 perstringet;
490 2497 573 2573 cum
602 2495 712 2584 sciatis
739 2497 829 2575 hane
856 2499 924 2571 effe
950 2493 1119 2592 ejusmodi
1145 2495 1214 2573 ser-

227 2633 379 2695 monum
404 2620 535 2717 legem,
559 2614 738 2716 judicium
772 2615 895 2708 animi,
928 2617 1013 2693 citra
1038 2617 1214 2699 damnum

228 2740 387 2830 affeelbs,
430 2736 592 2836 proferre.
651 2739 779 2837 Perge,
814 2735 927 2836 inquit
959 2737 1144 2830 Maternus,
1179 2743 1216 2815 δε

227 2861 311 2940 cirm
332 2861 377 2937 de
400 2858 551 2957 antiquis.
569 2857 734 2958 loquaris,
759 2877 855 2933 utere
881 2861 1023 2958 antiqurl
1040 2857 1215 2950 libertate,

229 3006 252 3054 a
279 2983 348 3080 qua
376 2981 433 3056 vel
458 2978 570 3081 magis
603 2979 905 3085 degeneravimus,
933 2979 1043 3080 quam
1070 2983 1116 3055 ab
1141 2982 1215 3056 elo-

231 3101 386 3200 quential.
811 3160 812 3164 η
935 3106 941 3111 ’

277 3222 453 3298 XXVIII.
481 3224 538 3297 Er
551 3220 702 3316 Mcffala,
720 3248 792 3297 non
806 3219 1012 3312 reconditas,
1035 3222 1212 3312 Materne,
1260 3213 1264 3221 ’

187 3421 192 3424 ,
232 3338 349 3414 causas
365 3341 524 3441 requiris,
543 3367 607 3417 nec
620 3361 679 3425 aut
696 3342 760 3426 tibi
776 3343 853 3442 ipfi,
870 3364 929 3422 aut
939 3341 1020 3417 huie
1036 3341 1212 3431 Secundo,

232 3462 289 3536 vel
306 3460 388 3534 huie
406 3468 506 3560 Apro
527 3462 678 3561 ignotas,
708 3463 836 3549 etiamsi
853 3463 941 3545 mihi
967 3460 1213 3562 partesadfig-
1299 3477 1302 3483 '
1330 3550 1334 3561 Δ

229 3581 317 3660 natis
332 3577 529 3679 proferendi
550 3582 587 3656 in
609 3583 783 3675 medium,
805 3610 886 3682 quae
901 3609 1024 3659 omnes
1040 3580 1217 3658 sentimus.

229 3704 320 3800 Quis
332 3699 427 3778 enim
443 3698 583 3797 ignorat
600 3707 634 3777 δι
650 3705 900 3804 eloquentiam,
919 3708 953 3778 δε
966 3722 1095 3780 ceteras
1110 3721 1216 3792 artes,

162 3854 168 3864 ¹
230 3825 406 3908 descivisse
422 3822 468 3899 ab
486 3819 549 3904 iste
572 3827 689 3911 vetere
711 3824 838 3924 gloria,
863 3850 935 3911 non
959 3823 1077 3930 impii
1102 3821 1218 3905 homi.
