2820 4694
351 350 987 426 Hrston'rnnonLrassIII.
1086 371 1156 425 aaa

181 527 229 616 ta,
255 544 421 599 temerare
445 526 644 623 potuissent,
670 525 785 598 surore
800 526 1005 623 Principum
1028 525 1157 620 exscinss

85 686 86 689 ¹
180 647 242 719 di!
276 643 412 719 Arserat
439 650 473 718 δι
498 649 577 719 ante
605 647 816 743 Capitolium
845 647 937 719 civili
966 647 1070 736 bellu,
1100 642 1158 718 sed

181 764 303 839 fraude
320 764 475 863 privata:
504 792 597 839 nunc
615 768 729 864 palam
751 764 935 855 obseffum,
962 768 1078 863 palam
1106 766 1159 838 in-

183 881 348 959 censum:
378 887 505 985 quibus
524 911 700 960 armorum
718 890 852 960 caufis?
880 912 950 984 quo
967 906 1069 959 tantae
1087 887 1159 960 cla-

181 1007 236 1080 dis
254 1006 364 1103 pretio
380 1006 502 1080 stetit?
531 1032 594 1105 pro
612 1006 719 1103 patri&
738 1008 979 1080 bellavimus?
1007 1011 1159 1081 Voverat

181 1126 395 1224 Tarquinius
421 1125 555 1200 Priscus
573 1152 648 1215 rex,
679 1128 773 1199 bello
788 1127 940 1213 Sabino;
960 1126 1159 1225 jeceratque

181 1245 418 1335 fundamenta,
436 1247 495 1345 spe
507 1247 617 1346 magis
629 1244 751 1319 futurae
769 1247 1031 1344 magnitudinis,
1050 1247 1161 1344 quam

183 1367 256 1464 quo
273 1367 420 1440 modicae
437 1367 691 1463 adhuc-populi
715 1367 870 1441 Romani
888 1394 940 1442 res
956 1368 1158 1441 sufficerent.

182 1488 279 1559 Mox
316 1487 451 1560 Servius
479 1486 629 1595 Tullius,
665 1486 837 1561 sociorum
856 1487 1006 1573 ,studim
1033 1487 1160 1561 deinde

33 1571 35 1575 .
85 1622 87 1624 ’
181 1607 394 1704 Tarquinius
411 1609 600 1704 Superbus,
627 1611 728 1705 c‘aptI
749 1606 865 1681 Suessa
881 1608 1053 1698 Pometifi,
1081 1606 1159 1681 hos·

182 1727 268 1799 tium
287 1726 403 1824 spoliis
421 1729 631 1801 exstruxsre.
681 1729 747 1801 Sed
766 1728 876 1826 gloria
900 1726 1025 1825 operis,
1055 1727 1158 1802 liber-

182 1849 243 1934 tati
261 1847 450 1921 reservata:
479 1850 581 1945 pulsis
599 1848 751 1946 regibus,
777 1848 946 1922 Horatius
962 1848 1159 1940 Pulvillus,

180 1967 305 2041 iterum
323 1949 455 2061 consul,
481 1968 670 2058 dedicavit,
696 1970 736 2042 effa
761 1967 1032 2067 magnificentis,
1051 1994 1160 2068 quam

180 2087 354 2162 immensae
372 2090 487 2187 postea
500 2089 628 2187 populi
645 2088 799 2163 Romani
816 2112 901 2185 opes
916 2110 1088 2195 ornarent
1094 2115 1160 2188 po-

179 2208 261 2299 tius,
287 2211 395 2306 quam
408 2232 583 2308 augerent.
625 2207 748 2283 Iisdem
766 2206 875 2281 rursus
893 2209 1042 2306 vestigiis
1058 2213 1161 2285 situm

180 2328 243 2419 est,
271 2329 453 2427 postquam
470 2327 648 2426 interjesto
678 2355 866 2404 ccccxxv.
889 2353 1058 2402 annorum
1082 2328 1160 2426 spa-

180 2448 242 2539 tio,
268 2451 315 2521 L.
331 2449 507 2547 Scipione,
534 2450 576 2522 C.
598 2452 769 2524 Norbano
793 2448 1003 2539 consulibus,
1033 2440 1160 2548 flagra·

181 2590 289 2642 verat.
337 2571 470 2644 Curam
491 2569 603 2644 vistor
619 2572 713 2644 Sulla
729 2568 885 2667 suscepit,
913 2597 1024 2668 neque
1041 2590 1172 2644 tamen·

180 2687 380 2787 dedicauit:
403 2690 597 2766 hocsolum
614 2688 765 2764 felicitati
784 2688 855 2788 ejus
872 2712 1047 2788 negatum.
1082 2691 1159 2785 Luss

180 2806 254 2880 tatii
282 2808 397 2881 Catuli
425 2834 568 2899 nomen,
608 2810 818 2884 inter‘tanta
842 2809 1017 2885 Caesarum
1040 2838 1159 2909 opera,

178 2926 348 3026 usquead
365 2927 546 3002 Vitellium
568 2933 701 3003 mansit.
752 2934 804 3005 Ea
820 2949 904 3005 tunc
922 2932 1012 3007 aedes
1025 2957 1159 3007 crema·

181 3050 295 3121 batur.

226 3170 400 3242 LXXIII.
425 3170 500 3241 San
529 3156 610 3267 plus
632 3171 771 3268 pavoris
793 3170 940 3263 obsessis,
963 3173 1071 3271 quiam
1095 3178 1160 3249 ob·

177 3288 356 3363 sessoribus
368 3289 498 3364 intulit.
539 3292 683 3390 Qippe
695 3292 898 3365 Vitellianus
914 3293 1028 3383 miles,
1045 3318 1160 3392 neque

177 3408 264 3500 astu,
291 3435 405 3509 neque
417 3411 621 3503 constantia,
641 3411 729 3485 inter
744 3410 852 3484 dubia
868 3411 1066 3509 indigebat..
1101 3417 1160 3488 Ex

177 3528 313 3618 diuerso
330 3531 458 3627 trepidi
472 3532 612 3624 milites,
632 3535 707 3605 dux
720 3530 844 3629 segnis,
863 3536 897 3605 &
915 3533 1022 3607 veluti
1038 3557 1159 3632 captus

179 3649 301 3741 animi,
327 3676 398 3724 non
426 3652 559 3751 lingui,
589 3678 662 3724 non
690 3651 827 3724 auribus
844 3674 1066 3751 competere:
1096 3678 1157 3725 ne·

179 3794 248 3867 que
260 3771 376 3846 alienis
395 3772 540 3845 consrliis
557 3769 644 3868 regi,
675 3795 790 3868 neque
806 3771 862 3845 sua
879 3771 1063 3870 expedire:
1089 3772 1158 3846 huc
