2806 4694
367 360 766 435 Hrsronrnruu
802 361 913 434 er.
955 365 984 435 Ι.
1109 372 1153 463 'ay
1265 399 1268 402 >

172 546 206 589 “
222 557 262 615 ut
287 539 348 638 qui
364 539 518 615 adversas
542 563 595 617 res
617 563 793 643 expertus,
817 543 900 618 crim
918 539 1072 619 maxime
1088 542 1156 617 dis·

177 669 207 707 “
225 685 319 751 cam,
363 686 409 739 ne
437 659 604 774 secundas
632 660 782 762 quidem
808 662 925 735 minus
953 659 1160 735 discriminis

174 788 204 828 “
222 784 372 857 babere:
399 783 518 880 patris,
539 788 572 856 ὅτ
597 782 745 873 senatus,
763 784 796 855 δι
815 782 916 880 ipsius
932 780 1081 879 imperii,
1104 781 1159 854 vi·

111 950 116 957 ·
174 905 205 993 ‘f
222 926 299 977 cem
315 905 434 993 doleo,
453 907 476 976 sr
493 903 609 992 nobis,
623 923 683 976 aut
695 902 806 1000 perire
823 902 928 983 hodie
946 904 1079 975 necesse
1095 902 1159 992 est,
1213 938 1216 941 2

174 1026 203 1068 “
220 1043 294 1114 aut,
312 1026 411 1123 quod
434 1024 534 1121 aeque
553 1025 649 1122 apud
667 1024 779 1097 bonos
795 1022 959 1103 miserum
981 1023 1044 1111 est,
1064 1022 1158 1096 occi÷

175 1151 204 1189 “
222 1146 317 1222 dere.
371 1143 542 1217 Solatimn
559 1141 712 1242 proximi
729 1145 846 1216 motbs
861 1143 1090 1233 habebamus,
1105 1144 1159 1216 in·
1209 1221 1211 1224 Α

174 1271 205 1310 “
223 1283 410 1338 cruentam
425 1267 578 1354 Urbem,
608 1269 642 1338 δι
660 1289 711 1338 res
735 1264 809 1338 fine‘
827 1262 996 1342 discordia
1022 1266 1159 1337 transsa-

176 1391 206 1427 “
225 1404 291 1460 tas.
340 1370 519 1458 Prosisunr
536 1385 725 1482 adoptione
741 1386 938 1476 videbatur,
956 1404 996 1467 ut
1017 1408 1066 1466 ne,
1084 1385 1161 1483 post

178 1506 376 1603 “Galbam
395 1504 537 1602 quidem
563 1506 656 1579 bello
678 1508 775 1578 locus
801 1504 918 1578 effet.''

223 1627 345 1699 XXX.
373 1633 399 1668 “
419 1628 457 1699 N
462 1651 552 1698 rurs
571 1627 752 1724 adrogabo
777 1625 864 1699 mihi
881 1625 1084 1717 nobilitatis,
1102 1644 1160 1707 aut
1237 1635 1239 1647 '

175 1752 206 1790 “
224 1744 430 1820 modestiae:
476 1771 591 1843 neque
623 1746 724 1819 ,enim
763 1747 871 1819 relatu
907 1745 1091 1837 virtutum,
1122 1745 1160 1828 ira

175 1873 206 1910 “
225 1865 483 1963 comparatione
506 1866 672 1959 Othonis,
690 1892 779 1963 opus
796 1865 854 1939 est.
904 1865 1012 1956 Vitia,
1031 1867 1159 1966 quibus
1256 1956 1258 1964 Ι

179 1986 303 2062 “solis
332 1986 513 2086 gloriatur,
539 1991 692 2062 evertere
716 1987 918 2085 imperium,
940 1988 1044 2062 etiam
1076 1989 1160 2062 cirm
1218 2076 1220 2080 .
1335 2084 1339 2092 .

176 2097 375 2183 “amicum
401 2106 623 2206 Imperatoris
648 2128 777 2206 ageret·
831 2108 1017 2183 Habitune
1044 2111 1078 2182 δι
1105 2109 1160 2183 in.

172 2234 201 2271 ‘⁴
221 2231 326 2321 cesso,
353 2256 399 2303 an
429 2230 491 2310 illo
517 2229 679 2303 muliebri
708 2250 845 2324 ornatu,
883 2251 1068 2315 mereretur
1092 2231 1159 2305 im-

177 2350 206 2393 “
225 2349 391 2446 perium?
444 2351 642 2439 Falluntur,
670 2349 795 2446 quibus
822 2348 960 2423 luxuria
985 2349 1097 2447 specie
1117 2351 1158 2422 li.

176 2476 204 2517 “
223 2470 408 2544 beralitatis
438 2469 600 2568 imponit.
649 2470 800 2543 Perdere
822 2469 883 2545 iste
905 2470 1000 2562 sciet,
1030 2472 1161 2547 donaro

176 2597 206 2640 “
222 2591 358 2668 nesciet.
406 2592 533 2689 Stupra
562 2615 673 2680 nunc,
696 2594 731 2665 dc
755 2593 1028 2683 comisationes,
1056 2596 1089 2664 br
1107 2591 1158 2666 se·

175 2716 204 2759 “
224 2711 397 2786 minarum
430 2732 556 2801 coetus,
591 2711 705 2785 volvit
737 2712 881 2791 animo:
920 2716 996 2788 haec
1025 2712 1159 2799 Princi-

178 2836 209 2873 “
230 2832 329 2927 patus
354 2832 494 2926 pramia
517 2851 614 2928 putat
622 2860 634 2917 ς
659 2858 813 2931 quorum
831 2830 942 2905 libido
967 2859 1008 2906 ac
1031 2835 1158 2931 volup

175 2956 206 2997 ‘¹
224 2970 276 3024 tas
310 2974 416 3048 penes
448 2949 557 3048 ipsum
582 2955 632 3042 srt,
672 2955 780 3026 rubor
808 2975 849 3026 ac
877 2954 1029 3028 dedecus
1055 2979 1159 3052 penes

177 3077 359 3162 “omnen
409 3071 528 3146 Nemo
551 3070 646 3145 enim
672 3098 844 3170 umquam
869 3072 1070 3170 imperium,
1097 3078 1159 3173 fla-

178 3196 208 3237 ‘⁴
227 3192 312 3291 gitio
341 3193 537 3290 quaesitum,
565 3193 672 3291 bonis
700 3193 831 3267 artibus
859 3194 1024 3268 exercuit.
1073 3197 1161 3271 Gal-

180 3319 211 3355 “
230 3316 313 3387 barn
329 3313 511 3396 consensus
525 3313 659 3413 generis
676 3314 834 3405 humani,
853 3319 912 3387 me
928 3316 1056 3406 Galba,
1076 3342 1160 3390 con-

176 3440 204 3481 “
221 3432 443 3507 sentientibus
456 3435 571 3525 vobis,
589 3433 757 3517 Caesarem
770 3435 869 3509 dixit.
903 3437 938 3511 Si
954 3434 1158 3534 respublica,

175 3561 207 3603 ‘⁶
226 3557 259 3628 δι
276 3552 424 3645 senatus,
444 3558 477 3627 δι
503 3555 669 3652 populus,
694 3579 785 3629 vana
801 3536 944 3631 nomina
960 3555 1060 3631 sunt:
1084 3556 1158 3631 ves·

173 3680 205 3718 “
222 3678 287 3765 tra,
306 3675 581 3763 commilitones,
597 3673 749 3766 interest,
763 3701 807 3751 ne
824 3678 1073 3774 Imperatorem
1086 3676 1158 3774 pes-

175 3800 205 3847 “
227 3795 301 3876 fimi
314 3792 457 3901 saciant.
507 3794 712 3892 Legionum
723 3794 844 3877 seditio
854 3799 1037 3878 adversum
1053 3797 1159 3870 duces
