2766 4658
316 354 563 439 Diaroeut
601 378 658 436 ort
693 362 1022 440 ornronrnns.
1077 365 1155 468 '19

175 531 273 616 mina
291 540 489 642 &pericula
506 540 563 613 sua
577 539 620 612 ad
636 539 830 616 consulatus
846 540 1041 616 evexerint:
1061 543 1155 616 malo

176 661 332 736 securum
349 669 383 735 δι
399 659 716 759 secretumVirgilii
744 659 920 750 secellum,
950 660 986 732 in
1011 686 1081 757 quo
1100 685 1158 736 ta·-

176 807 260 860 men
288 807 401 880 neque
419 785 513 878 apud
529 779 655 854 divum
680 778 880 877 Augustum
898 779 1005 878 gratia
1030 782 1152 873 caruit,

175 919 290 1000 neque
317 902 412 1000 apud
437 901 608 999 populum
625 904 830 974 Romanum
853 900 987 973 notitia.
1034 901 1154 976 Testes

177 1024 330 1121 Augusti
354 1021 521 1120 epistolae,
549 1020 641 1094 testis
667 1017 737 1117 ipse
760 1021 922 1118 populus,
950 1020 1010 1119 qui
1028 1021 1155 1096 audiris

175 1143 215 1216 in
237 1146 373 1216 theatro
391 1144 541 1216 versibus
557 1140 708 1238 Virgilii,
732 1137 878 1213 surrexit
904 1141 1091 1232 universus,
1118 1147 1153 1217 dt

175 1261 265 1336 forte
291 1262 491 1360 praesentem
508 1251 789 1358 speetantemque
807 1261 995 1358 Virgilium
1012 1288 1153 1338 venera·

175 1402 233 1456 tus
251 1378 320 1473 est,
342 1387 384 1456 src
410 1386 503 1480 quast
521 1381 734 1479 Augustum.
784 1382 843 1454 Ne
864 1381 987 1455 nostris
1011 1385 1154 1481 quidem
1233 1470 1236 1473 x

177 1503 405 1600 temporibus,
434 1503 613 1576 Secundus
630 1502 845 1598 Pomponius
872 1495 958 1575 Afro
979 1502 1153 1594 Domitio,

130 1668 147 1721 1
176 1626 234 1697 trel
251 1624 422 1724 dignitate
439 1625 532 1712 vitae,
560 1624 617 1696 vel
635 1623 860 1720 perpetuitate
875 1621 989 1713 farnae,
1014 1624 1153 1696 eefferit.

175 1745 272 1819 Nam
289 1744 430 1841 Crispus
459 1750 492 1818 δι
515 1744 717 1832 Marcellus,
746 1723 965 1841 adquorum
993 1745 1154 1841 exempla

177 1890 236 1938 me
261 1890 380 1955 vocas,
407 1864 493 1962 quid
522 1862 653 1937 habent
676 1862 709 1934 in
738 1864 804 1936 hac
829 1861 985 1961 praesenti
1013 1863 1151 1940 fortuna
1180 1867 1187 1875 ’

174 1985 519 2083 concupiscendum?
545 1979 640 2081 qudd
666 1983 816 2056 timent?
842 2010 887 2056 an
905 1983 1000 2081 quod
1030 1985 1155 2065 timen-

174 2109 261 2181 tur?
298 2104 396 2204 qudd
423 2105 506 2177 crim
539 2102 694 2202 quotidie
724 2103 857 2200 aliquid
891 2094 1067 2201 rogentur,
1101 2107 1153 2197 hi,

172 2228 302 2326 quibus
325 2226 501 2323 praestant,
524 2224 779 2322 indignantur?
796 2218 903 2319 qudd
919 2223 1050 2320 alligati
1071 2214 1164 2301 cum

175 2347 388 2434 adulatione,
415 2335 484 2416 nec‘
504 2343 750 2440 imperantibus
772 2367 943 2440 umquam
966 2339 1042 2416 satis
1068 2342 1154 2419 servi

175 2466 350 2553 videntur,
376 2488 441 2537 nec
458 2463 560 2537 nobis
572 2461 648 2537 satis
668 2461 792 2537 liberi?
823 2467 913 2561 Qrae
931 2464 1005 2537 haec
1018 2461 1152 2540 summa

176 2608 300 2656 eorum
329 2584 482 2680 potentia
509 2584 585 2657 est?
615 2605 755 2658 tantum
781 2585 874 2682 polle
900 2584 1013 2659 liberti
1030 2582 1150 2659 solent.

174 2705 241 2777 Me
258 2700 342 2774 verd
356 2704 490 2794 dulces,
513 2725 553 2778 ut
570 2685 735 2803 Virgilius
748 2705 808 2796 ait,
826 2703 954 2796 Musae,
978 2727 1153 2781 remotum

176 2821 513 2915 asollicitudinibus,
542 2826 699 2916 neuris,
728 2831 762 2900 δι
784 2829 974 2900 necestitate
998 2825 1156 2924 quotidie

174 2943 309 3042 aliquid
327 2965 448 3038 eontra
463 2944 621 3018 animum
638 2943 802 3037 faciendi,
828 2947 863 3019 in
881 2945 939 3019 illa
955 2946 1048 3021 sacta
1063 2945 1155 3020 illos·

176 3090 247 3163 que
264 3061 375 3136 fontes
393 3063 524 3137 ferant:
553 3090 616 3138 nec
640 3066 799 3140 insanum
824 3069 913 3141 ultra
930 3072 963 3140 δι
981 3068 1155 3143 lubricum

172 3183 306 3276 l‘orum,
347 3182 549 3282 famamque
571 3187 952 3283 pallentem,”trepidus
969 3189 1151 3286 experiar:

133 3375 136 3382 ,
177 3331 249 3379 non
278 3330 336 3378 me
362 3303 517 3378 fremitus
545 3303 778 3395 salutantium,
820 3331 885 3378 nec
916 3308 1078 3382 anhelans
1111 3309 1152 3381 li·
1256 3360 1260 3371 t

173 3424 294 3500 bertus
320 3423 470 3498 excitet:
501 3450 565 3499 nec
589 3425 738 3499 incertus
755 3423 883 3515 futuri,
911 3426 1154 3502 testamentum

177 3569 242 3643 pro
270 3546 418 3646 pignore
450 3542 618 3618 scribam:
656 3570 720 3617 nec
747 3546 824 3642 plus
852 3547 1011 3639 habeam,
1046 3550 1154 3646 quam

177 3667 273 3763 quod
293 3669 427 3763 poffim,
454 3666 510 3740 cui
528 3666 649 3755 velim,
680 3665 885 3763 relinquere,
912 3668 1153 3766 quandocum·
1249 3656 1254 3664 ’

178 3809 247 3882 que
263 3784 371 3861 fatalis
388 3791 421 3862 δι
439 3812 536 3862 meus
553 3787 625 3860 dies
642 3786 779 3861 veniet:
804 3789 1000 3887 statuarque
1016 3788 1155 3861 tumulo

663 3906 740 3980 Ca
