2806 4694
182 404 185 412 ·
256 353 302 428 68
470 350 516 441 ,6.
550 338 1082 433 ConstanrrTncrrr

256 524 378 599 scelere
394 528 587 621 questum,
613 523 724 600 subita
747 522 925 615 modestia,
945 529 979 599 a
997 521 1104 622 prisca
1122 522 1237 621 gravi,

257 665 326 717 tare
343 644 501 718 retineri:
531 644 588 719 sed
606 645 802 721 discrimine
818 645 928 719 Urbis
947 649 981 719 δι
1006 644 1162 743 periculo
1186 639 1237 716 se·.

217 800 222 815 ·
257 766 356 851 natds
379 764 515 855 anxius,
542 765 720 863 postremo
736 765 783 842 ita
800 765 963 842 disseruit.
1015 772 1042 807 “
1060 765 1189 861 Neque
1201 781 1241 848 ut

252 891 282 936 s‘
299 884 441 971 allestus
468 885 600 959 vestros
626 885 665 991 in
694 892 852 961 amorem
887 889 958 960 mel
990 886 1232 974 accenderem,

241 1010 286 1046 '“
305 1005 578 1096 commilitones,
609 1031 724 1106 neque
751 1027 790 1079 nt
809 1007 974 1100 'animum
999 1008 1042 1079 ad
1075 1007 1240 1092 virtutem

258 1132 285 1167 “
304 1127 523 1199 cohortarer:
559 1145 708 1223 utraque
737 1126 843 1216 enim¹
866 1127 1004 1225 egregie
1038 1125 1261 1224 supersunt:-

223 1323 225 1326 ,
258 1252 287 1287 “
306 1245 364 1318 sed
390 1245 469 1336 veni
495 1245 729 1342 postulaturus
752 1272 772 1320 a
798 1246 901 1318 vobis
925 1267 1242 1343 temperamentum

260 1372 288 1407 “
307 1364 425 1440 vestr'ae
439 1364 664 1456 fortitudinis,
684 1371 718 1439 ὅτ
736 1391 818 1464 erga
836 1391 893 1453 me
911 1365 1060 1439 modum
1082 1364 1242 1438 caritatis.

260 1494 286 1528 “
305 1487 496 1559 Tumultus
514 1486 666 1584 proximi
683 1485 836 1575 initium,
867 1510 938 1559 non
956 1485 1163 1583 cupiditate,
1186 1484 1243 1570 vel

261 1613 288 1647 “
307 1589 404 1695 odio,
424 1633 500 1704 quae
520 1608 648 1681 multos
665 1606 834 1680 exercitus
846 1606 883 1680 in
899 1605 1106 1679 discordiam
1123 1605 1246 1702 egere,

261 1733 289 1767 “
307 1751 348 1815 ac
370 1751 415 1798 ne
430 1727 676 1819 detreslatione
698 1726 857 1826 quidem,
874 1746 932 1799 aut
947 1724 1134 1799 formidine
1153 1723 1244 1822 peri·

262 1846 290 1888 “
306 1848 493 1925 culomm:
530 1847 639 1947 nimia
679 1847 794 1944 pietas,
830 1847 953 1937 vestra,
992 1846 1104 1919 acrius
1136 1845 1244 1943 quam

239 1973 291 2031 =“
311 1967 567 2058 consideratius,
608 1967 786 2041 excitavit.
846 1969 944 2040 Nam
971 1965 1061 2063 saepe
1090 1963 1247 2043 honestas

263 2095 424 2162 “rerum
448 2087 577 2177 causas,
602 2086 834 2187 dijudicium
858 2087 1038 2177 adhibeas,
1065 2084 1245 2183 perniciosr

264 2209 420 2283 “exitus
449 2203 732 2307 consequuntur,
780 2212 875 2299 Imus
903 2208 948 2285 ad
976 2207 1127 2280 bellum:
1156 2228 1245 2279 num

265 2335 294 2374 “
312 2356 433 2404 omnes
469 2330 611 2406 nuntios
637 2332 763 2427 ‘palam
796 2327 920 2418 audiri,
952 2322 1070 2400 omnia
1102 2321 1244 2398 consilia

160 2468 163 2471 ’
264 2443 294 2494 “”
309 2453 442 2536 cunslis
467 2449 688 2549 praesentibus
718 2448 866 2538 trastari,
901 2448 988 2520 ratio
1016 2470 1145 2535 rerum,
1181 2462 1242 2516 aut

265 2553 529 2660 “occasionum
565 2571 728 2644 velocitas
764 2568 919 2666 patitur?
982 2568 1076 2641 Tam
1117 2562 1246 2639 nescire

156 2772 159 2789 Ι
251 2690 292 2732 ““
311 2693 474 2787 quaedam
509 2692 650 2780 milites,
683 2690 791 2789 quam
816 2687 898 2763 scire
931 2706 1080 2787 oportet.
1131 2688 1185 2758 lta
1212 2680 1248 2757 so

264 2815 293 2850 “
309 2812 441 2885 ducum
467 2812 664 2902 austoritas,
697 2813 744 2890 fic
769 2808 865 2909 rigor
897 2807 1090 2907 disciplinae
1123 2806 1242 2895 habet,

266 2933 294 2970 “
313 2949 352 3001 ut
376 2935 485 3025 multa
501 2933 607 3006 etiam
625 2930 845 3006 centuriones
867 2925 1093 3025 tribunosque
1109 2925 1245 3008 tantum

264 3053 290 3088 “
303 3046 417 3145 juberi
430 3052 602 3151 expediat.
651 3052 700 3142 si,
719 3049 991 3148 ubijubeantur‚
1009 3070 1162 3144 quarere
1180 3049 1245 3119 srn·

255 3156 294 3209 '⁶‘
314 3168 403 3266 gulis
416 3170 541 3258 liceat3
559 3190 725 3268 pereunte
736 3168 921 3268 obsequio,
936 3167 1040 3242 etiam
1058 3162 1247 3262 imperium

267 3287 500 3380 “intercidit
551 3272 612 3365 Ari
640 3296 673 3364 ἃ
702 3290 775 3364 illic
800 3292 902 3379 noste
928 3285 1133 3384 intempesta
1154 3284 1247 3383 rapis

267 3414 294 3449 “
313 3429 412 3482 entur
428 3413 544 3484 arma?
597 3411 701 3483 Unus
728 3411 857 3484 alterve
888 3408 1042 3507 perditus
1068 3432 1108 3511 ac
1132 3425 1247 3479 temu-

266 3533 295 3568 “
314 3529 426 3600 lentus
444 3530 578 3625 (neque
593 3529 687 3603 enim
705 3531 820 3627 plures
836 3526 1116 3634 consternatione
1141 3550 1248 3623 prorr-

268 3653 296 3691 “
315 3646 384 3744 ima¹
405 3644 562 3743 insanisse
578 3648 807 3744 crediderim)
825 3645 1036 3740 centurionis
1060 3634 1247 3741 actribuni
