2820 4694
355 346 756 420 Htstontnnunt
793 331 993 412 Lam.
1091 361 1164 439 217

185 525 254 598 bat.
314 520 529 619 Aspernante
553 519 706 609 consule,
731 517 1011 607 reclamantibus,
1039 519 1099 616 qui
1126 519 1160 592 in

174 643 356 717 -concione
378 642 591 728 adstiterant‚
627 661 665 713 ut
689 641 725 712 in
749 641 824 712 aede
846 637 1052 711 Concordiae
1075 643 1164 736 post-

184 783 281 836 tutus
306 763 450 861 infignia
472 761 622 858 imperii,
654 762 873 870 domumque
900 755 1013 831 fratris
1040 761 1163 855 petitu-

185 909 255 972 rus,
282 882 437 957 discessit.
488 880 606 979 Major
627 882 687 954 htc
705 883 836 953 clamor
854 877 1089 953 obsistentium
1104 905 1164 977 pe-

187 1003 323 1076 natibus
349 1002 505 1099 privatis,
536 1009 563 1044 “
583 1001 619 1074 in
638 1000 831 1098 palatium’'
855 1000 1082 1072 vocantium:
1113 1001 1165 1072 in-

186 1122 375 1196 tetclusum
392 1123 486 1195 aliud
503 1122 579 1210 iter,
609 1122 715 1219 idque
731 1119 855 1209 solum,
877 1121 973 1217 quod
987 1120 1021 1192 in
1037 1120 1166 1222 sacram

187 1245 280 1316 viam
305 1264 476 1342 pergeret,
502 1245 657 1338 patebat:
677 1263 753 1316 tum
774 1235 904 1314 consilii
920 1240 1032 1338 inops,
1052 1241 1087 1312 in
1104 1221 1164 1338 pai

189 1364 313 1437 latium
335 1363 445 1436 rediit.

236 1485 374 1557 LXIX.
400 1487 683 1558 Pninvnununr
717 1508 849 1574 rumor,
881 1488 910 1525 “
927 1480 1048 1580 ejurati
1066 1486 1111 1555 ab
1123 1507 1166 1554 eo

192 1613 220 1647 ‘⁴
238 1604 425 1700 imperium
440 1607 477 1676 :''
505 1603 750 1701 scripseratque
776 1603 917 1677 Flavius
941 1603 1085 1677 Sabinus
1107 1628 1168 1676 co-

190 1725 342 1798 hortium
359 1725 519 1814 tribunis‚
548 1733 574 1766 “
593 1746 632 1798 ut
647 1724 792 1797 militem
810 1723 1047 1797 cbhiberentss’
1096 1722 1167 1822 lgi-

189 1867 246 1919 tut
263 1867 444 1942 tamquam
462 1843 576 1918 omnis
594 1844 784 1941 respublica
800 1843 836 1916 in
853 1841 1045 1939 Vespasiani
1060 1847 1169 1917 finum

190 1967 345 2055 ceffisset‚
382 1964 546 2061 primores
580 1964 727 2052 senatus,
760 1970 793 2038 &
824 1963 979 2062 plerique
1007 1965 1170 2062 equestris

186 2085 328 2174 ordinis,
354 2084 534 2182 omnisque
564 2085 660 2159 miles
684 2087 865 2174 Urbanus,
892 2088 926 2157 &
945 2084 1080 2181 vigiles,
1104 2086 1169 2157 do·
1198 2084 1202 2102 ¹

188 2232 287 2279 mum
314 2205 424 2279 Flavii
449 2205 566 2286 Sabini
593 2207 840 2302 complevere:
878 2204 960 2277 illuc
983 2206 1028 2277 de
1051 2204 1170 2278 studiis

183 2327 303 2426 vulgi,
339 2327 501 2400 &minis
525 2326 813 2401 Germanicarum
842 2324 1036 2398 cohortium
1071 2325 1170 2397 affer-

182 2467 255 2521 tur.
305 2448 468 2545 Longius
487 2445 561 2543 jam
591 2450 785 2546 progressus
807 2467 892 2535 erat,
922 2446 1030 2544 quim
1052 2466 1091 2518 ut
1117 2471 1170 2519 re·

189 2566 287 2662 gredi
317 2569 449 2663 posset:
481 2572 513 2639 &
538 2568 598 2641 suo
625 2567 771 2666 quisque
796 2589 904 2657 metu,
928 2591 973 2640 ne
997 2564 1171 2664 disjedos,

74 2687 75 2690 ’
185 2687 302 2782 estque
342 2688 455 2761 minus
487 2689 634 2780 validos,
669 2688 844 2761 Vitelliani
882 2686 1169 2777 consedatentur‚

193 2808 415 2878 cunstantem
439 2808 474 2880 in
502 2834 598 2881 arma
630 2810 867 2913 impellebant.
917 2810 984 2882 Sed
1011 2810 1107 2906 quod
1136 2808 1172 2880 in

193 2923 361 3024 ejusmodi
387 2926 489 2999 rebus
506 2927 643 3017 accidit,
669 2930 848 3003 consilium
872 2933 917 3003 ab
933 2929 1171 3003 omnibusda-
1277 2973 1280 2991 ·

192 3068 269 3119 tum
283 3042 344 3136 est,
374 3047 568 3144 periculum
587 3051 689 3146 pauci
706 3050 890 3148 sumpsere.
920 3052 925 3068 ”
940 3051 1040 3125 Circa
1058 3052 1172 3125 lacum

194 3169 370 3257 Fundani,
401 3168 702 3262 descendentibus,
740 3173 799 3269 qui
828 3171 996 3245 Sabinum
1025 3172 1172 3246 comita·
1215 3230 1216 3237 κ

194 3293 333 3377 bantur,
362 3292 516 3381 armatis,
542 3312 729 3366 occurrunt
748 3290 1001 3388 promptissimi.
1051 3291 1174 3365 Modi-

190 3435 275 3482 cum
291 3409 339 3482 ibi
359 3412 536 3508 proeiium,
563 3411 750 3510 improviso
767 3411 933 3499 tumultu,
958 3409 1016 3483 sed
1034 3410 1173 3507 prospe-

193 3556 269 3607 mut
288 3531 477 3606 Vitellianis
494 3533 568 3606 suit.
618 3534 777 3623 Sabinus,
796 3556 833 3604 re
848 3532 996 3629 trepidi,
1010 3534 1104 3631 quod
1118 3554 1173 3602 tu-

194 3650 359 3724 tissimum
393 3653 684 3751 eptaesentibus,
716 3677 833 3725 arcem
861 3652 1024 3750 Capitolii
1053 3651 1173 3724 insedit

192 3770 315 3863 milite,
358 3777 391 3846 δι
432 3772 640 3870 quibusdam
681 3770 878 3847 senatorum
918 3775 1170 3871 equitumque3
