2844 4704
241 381 308 451 166
464 361 1032 457 ceo'aunrurrcm

241 555 415 626 “molem
440 553 553 628 cieret.
604 559 657 629 Ita
689 556 814 632 salubri
843 558 955 646 moral,
992 580 1099 627 novas
1128 552 1219 626 vires

243 674 271 713 “
289 670 418 763 adfore,
451 677 484 747 ἃ
502 674 723 773 praesentibus
742 676 827 750 nihil
847 678 1073 776 periturum.''

286 795 332 865 ll.
358 800 420 866 Ao
450 820 490 868 ea
508 796 684 870 Antonius
700 799 836 877 Primus
864 800 911 895 (is
935 796 1118 871 acerrimus
1135 794 1217 868 belli

218 913 445 1008 eoncitator)
475 915 780 989 “festinationem
809 895 887 1013 ipsis
913 917 1048 1005 utilem,
1075 915 1219 989 Vitellio

241 1039 269 1074 “
287 1031 491 1105 exitiosam'’
519 1035 699 1108 disseruit:
738 1044 765 1078 “
797 1038 873 1133 plus
901 1035 1079 1126 socordia,
1113 1038 1222 1133 quem

242 1159 269 1194 “
288 1154 439 1240 fiduciae,
471 1154 638 1225 accessisse
670 1154 882 1226 virtuibus:
922 1174 1037 1251 neque
1067 1153 1221 1228 enimin

241 1280 269 1313 “
288 1272 470 1368 procinslu
498 1278 532 1345 ὅτ
559 1272 674 1347 castris
701 1274 862 1346 habitos:
895 1299 956 1370 per
975 1274 1092 1346 omnia
1114 1274 1221 1347 ltaliae

240 1393 478 1488 “municipia
504 1393 650 1481 desides,
684 1395 820 1466 tantum
847 1392 1037 1490 hospitibus
1066 1419 1222 1467 metuen-

242 1520 269 1554 “
288 1514 377 1584 dos:
411 1511 542 1609 quanto
565 1511 807 1587 ferociusante
826 1511 857 1586 se
874 1512 1020 1612 egerint,
1045 1515 1140 1586 tantb
1161 1541 1223 1588 cu·

243 1641 271 1675 “
292 1633 405 1729 pidibs
433 1631 582 1709 insolitas
600 1636 793 1732 voluptates
810 1637 978 1707 haufiffe:
1014 1634 1106 1707 circo
1134 1662 1221 1730 quo·

245 1759 272 1794 “
291 1777 374 1848 que,
406 1778 445 1825 ac
462 1752 614 1844 theatris,
642 1760 675 1828 &
695 1756 894 1829 amoenitate
911 1752 1020 1841 Urbis
1036 1753 1222 1845 emollitos,
1287 1734 1288 1737 Ἴ

245 1880 272 1914 “
291 1893 349 1945 aut
366 1873 623 1948 valetudinibus
641 1873 756 1948 sessos..
801 1877 868 1948 Sed
885 1872 1006 1948 addito
1023 1874 1144 1972 spatio,
1171 1900 1223 1947 re·
1285 1962 1290 1969 ¹

242 2000 269 2039 “
287 1992 492 2065 diturum&
511 1993 564 2066 his
581 1989 684 2067 robur
699 1994 922 2070 meditatione
937 1995 1019 2067 belli
1038 2023 1045 2065 :
1067 2012 1130 2067 nee
1144 2021 1224 2092 pro-

242 2122 269 2158 “
288 2116 347 2189 cul
365 2115 615 2207 Germaniam,
636 2115 730 2190 unde
757 2117 873 2189 vires:
910 2114 1118 2202 Britanniam
1135 2113 1225 2188 freto

243 2243 270 2279 “
289 2233 403 2311 dirimi
422 2265 429 2309 :
452 2235 556 2333 juxtir
573 2236 718 2326 Gallias,
737 2236 1013 2334 Hispaniasque:
1045 2234 1225 2332 utrimque
1264 2300 1267 2311 ,

140 2448 142 2453 ,
243 2365 271 2415 ‘1‘
288 2358 395 2448 viros,
414 2383 536 2455 equos,
555 2357 708 2431 tributa:
728 2357 905 2455 ipsamque
922 2356 1071 2445 Italiam,
1091 2360 1124 2428 δι
1142 2381 1227 2452 opes

245 2488 272 2522 “
291 2479 428 2553 Urbis:
466 2504 507 2550 ac
538 2483 561 2550 sr
588 2479 713 2551 inferre
740 2505 837 2550 arma
865 2476 955 2549 ultrb
983 2476 1104 2570 velint,
1138 2477 1225 2549 duas

139 2691 144 2699 ἱ
245 2608 272 2644 “
291 2603 423 2690 classes,
450 2624 675 2696 vacuumque
690 2599 868 2694 Illyricum
886 2621 989 2671 mate.
1030 2598 1126 2696 Qrid
1145 2616 1224 2671 tum

148 2783 153 2791 Ι
209 2803 213 2824 ¹
245 2726 273 2763 “
292 2721 437 2794 claustra
454 2719 629 2792 montium
664 2718 871 2817 profutura?
901 2718 986 2816 quid
1009 2718 1160 2791 uastum
1192 2717 1229 2792 in

245 2848 271 2883 “
290 2843 439 2918 aestatem
453 2841 557 2933 aliam
576 2843 738 2914 bellum?
758 2841 852 2913 unde
869 2838 1008 2912 interim
1027 2837 1226 2936 pecuniam,

246 2968 274 3003 “
292 2967 325 3033 &
344 2966 588 3035 commeatus?
616 2960 714 3056 Quin
732 2962 849 3059 potitis
871 2987 914 3033 eo
942 2959 1016 3058 ipso
1039 2979 1227 3050 uterentur,

247 3087 273 3122 “
294 3080 390 3177 quod
403 3082 613 3157 Pannonicae
632 3082 785 3180 legiones
802 3083 958 3179 decepta
970 3080 1106 3179 magis,
1121 3066 1229 3176 quem

247 3207 274 3241 “
292 3200 406 3290 vietae,
431 3202 602 3303 resurgere
620 3203 653 3275 in
672 3202 838 3275 ultionem
856 3221 1066 3300 properent:
1088 3198 1226 3272 Moefici

249 3327 275 3362 “
294 3321 466 3396 exercitus
485 3323 633 3422 integras
654 3323 743 3396 vires
769 3322 955 3396 attulerint.
1004 3322 1038 3393 Si
1063 3344 1229 3394 numerus
1265 3389 1268 3401 ,

248 3440 446 3514 “militum
466 3444 594 3539 potius,
622 3445 731 3540 quim
759 3443 936 3543 legionum
957 3422 1122 3539 putetur3
1149 3442 1228 3538 plus

249 3568 276 3611 “
295 3562 375 3638 hine
397 3563 544 3652 roboris,
572 3563 657 3637 nihil
675 3565 874 3653 libidinum,
895 3569 928 3637 ὅτ
947 3563 1111 3660 profuisse
1126 3559 1228 3634 disei-

250 3693 276 3730 “
298 3683 401 3783 plinae
420 3681 529 3779 ipsum
547 3685 733 3780 pudorem.
785 3684 931 3782 Equites
955 3683 1052 3774 verb,
1083 3708 1126 3755 ne
1150 3701 1228 3757 tum

251 3810 278 3852 ‘'‘
299 3805 443 3909 quidem
460 3801 570 3879 victos
580 3832 592 3893 ς
618 3803 688 3889 sed,
711 3829 925 3908 quamquam
941 3805 1042 3880 rebus
1062 3803 1227 3893 adverfis,
