2844 4704
350 345 751 418 Hrsrournnuru
787 340 988 414 L1n.111.
1089 343 1156 439 189

185 517 398 600 intentabant
415 520 526 594 idus:
547 545 633 592 mox
649 538 688 591 ut
700 517 843 615 praeberi
854 544 915 593 ora
926 518 1158 609 contumeliis,

183 645 232 732 a,
263 643 371 739 posita
391 640 488 714 omni
514 638 652 728 ferocia,
677 641 803 712 cuneta
826 638 909 712 vieti
928 636 1158 735 patiebantur,
1262 666 1266 672 „

183 760 272 836 subit
298 760 505 849 recordatio,
544 759 621 833 illos
660 760 740 849 effe,
776 759 836 856 qui
866 784 977 855 nuper
1004 755 1161 831 Bebriaci

182 882 333 955 viuonae
352 881 603 978 temperassent.
652 880 719 952 Sed
738 879 799 952 ubi
815 879 968 966 Caecina,
995 879 1162 975 praetextb

183 1002 427 1099 lidoribusque
457 982 610 1098 insignis,
647 1000 779 1074 dimota
808 1001 922 1082 turba,
961 995 1079 1071 consul
1107 995 1160 1068 in·

183 1127 291 1213 ceffit,
316 1124 470 1197 exarsere
493 1122 664 1195 nidores:
698 1127 725 1162 “
743 1119 951 1217 superbiam,
978 1115 1161 1190 saevitiam-

184 1250 211 1286 “
230 1245 324 1340 que''
350 1242 456 1339 (adeb
474 1240 716 1315 invisascelera
731 1239 827 1335 sunt)
851 1239 955 1325 etiam
973 1245 999 1280 “
1020 1236 1161 1334 perfidi·

187 1370 216 1422 t‘
234 1365 332 1451 am,''
356 1361 587 1460 objectabant.
635 1361 778 1437 Obstitit
795 1359 983 1448 Antonius,
1006 1356 1162 1454 datisque

184 1481 432 1573 defensoribus,
467 1484 511 1556 ad
529 1480 771 1579 Vespafianum
788 1480 926 1554 dimisit.

191 1660 193 1662 -
233 1606 389 1677 XXXII.
427 1607 551 1677 Pauus
583 1601 724 1675 interim
756 1603 1042 1676 Cremonenfium
1075 1599 1163 1671 inter
1253 1675 1257 1678 ,

183 1744 332 1798 armatos
354 1723 643 1799 conflictabatur:
671 1748 735 1796 nec
752 1724 873 1819 procul
889 1722 984 1795 caede
1007 1722 1163 1808 aberant,

173 1847 267 1918 >cum
300 1845 461 1942 precibus
492 1847 625 1918 ducum
664 1842 843 1941 mitigatus
873 1842 922 1915 est
956 1841 1066 1914 miles.
1117 1842 1166 1913 Et

187 1985 329 2038 vocatos
347 1965 391 2038 ad
409 1965 615 2038 concionem
634 1963 810 2039 Antonius
825 1961 1039 2059 adloquitur,
1062 1986 1164 2058 mag-

184 2084 287 2158 nifice
300 2084 458 2174 videres,
488 2085 609 2175 vidos,
637 2086 846 2158 clementer:
877 2083 922 2156 de
940 2083 1111 2156 Cremona
1128 2081 1165 2157 in

183 2228 357 2279 neutrum.
416 2206 612 2295 Exercitus,
661 2225 784 2302 praeter
816 2202 958 2277 insuam
989 2202 1165 2297 praedandi

183 2325 398 2423 cupidinem,
429 2346 544 2398 vetere
570 2324 654 2398 odio
679 2326 724 2397 ad
745 2305 922 2399 excidium
948 2323 1166 2395 Cremonen·

185 2449 270 2520 sium
293 2444 477 2519 incubuit:
498 2443 627 2542 juviffe
644 2466 757 2543 partes
773 2444 986 2532 Vitellianas,
1012 2441 1163 2529 Othonis

186 2591 327 2663 quoque
358 2567 466 2656 bellu,
501 2567 756 2640 credebantur:
800 2592 886 2643 mox
917 2552 1165 2639 tertiadecima-

186 2709 263 2773 nos,
293 2686 336 2757 ad
355 2687 602 2761 exstruendum
620 2685 914 2783 amphitheatrum
944 2686 1093 2772 relidos,
1123 2705 1164 2759 ut

186 2801 262 2884 sunt
290 2804 449 2900 procacia
465 2809 604 2880 urbanae
622 2807 732 2903 plebis
744 2805 900 2905 ingenia,
930 2806 1166 2903 petulantibus

178 2919 306 3021 jurgiis
334 2922 528 2997 inluserunt.
578 2926 692 3001 Auxit
725 2926 892 3002 invidiam
924 2925 1059 3000 editum
1094 2925 1165 2999 illic

182 3042 357 3120 aCaecina
373 3044 604 3142 gladiatorum
620 3045 869 3143 speetaculum,
879 3046 1071 3145 eademque
1089 3071 1161 3120 rur-

182 3162 238 3236 sus
256 3163 337 3237 belli
354 3162 473 3251 sedes;
504 3170 536 3239 &
557 3165 692 3263 praebiti
717 3167 758 3252 in
776 3167 850 3241 acie
862 3166 1054 3262 Vitellianis
1070 3167 1163 3253 cibi;

90 3285 94 3293 ’
184 3283 278 3357 cael'ae
302 3285 466 3381 quaedam
495 3285 649 3377 feminae,
679 3285 795 3360 studio
822 3285 972 3383 partium
996 3288 1040 3358 ad
1070 3314 1164 3384 proe·

184 3402 270 3478 lium
287 3405 500 3502 progrellae:
528 3425 668 3503 tempus
684 3431 828 3504 quoque
844 3408 1030 3495 mercatus,
1054 3407 1166 3481 ditern

183 3523 335 3622 alioquin
353 3526 542 3616 coloniam,
573 3525 702 3623 majore
741 3551 851 3622 opum
869 3524 980 3622 specie
1009 3531 1164 3627 eomple-

184 3646 255 3730 bat.
304 3645 416 3726 Ceteri
432 3646 539 3720 duces
560 3647 597 3719 in
614 3644 783 3719 obscuro:
814 3646 1010 3721 Antonium
1028 3645 1166 3720 fortuna

183 3759 346 3873 famaque
374 3765 534 3845 omnium
560 3765 669 3840 oculis
687 3764 910 3862 exposuerat:
940 3768 967 3842 is
996 3766 1163 3855 balineas,
