2820 4694
340 332 763 408 'Hirronrnnuu
796 326 998 407 LtnLIV.
1100 349 1169 433 257

112 521 114 525 ’
192 513 220 554 “
235 504 328 597 toris,
356 531 472 606 neque
498 507 648 582 hostium
669 506 704 581 se
719 507 869 582 consiliis
892 507 956 582 uti.
1007 508 1087 589 Effe
1109 509 1197 595 filli¹

72 618 80 636 ⁸
188 626 420 702 “Vitellium
451 627 665 724 Principem,
684 648 759 726 *pro
787 654 858 726 quo
884 629 994 702 fidem
1018 631 1052 700 δι
1078 622 1176 704 arma
1242 702 1243 706 ,

189 748 410 846 “usquead
435 745 636 846 supremum
657 747 814 845 spiritum
837 745 1054 823 retenturos:
1090 776 1172 847 pro·
1256 744 1259 753 '

188 878 217 935 ,“
235 869 317 943 inde
342 869 487 969 perfuga
508 873 656 944 Batavus
672 869 841 944 arbitrum
857 885 974 944 rerum
992 874 1172 947 Romana·

188 999 217 1035 “
234 1017 313 1066 rum
342 1009 387 1064 ne
416 1012 548 1089 ageret,
573 989 631 1064 sed
647 989 792 1064 meritas
816 989 949 1065 sceleris
972 1018 1093 1088 poenas
1109 1020 1171 1068 ex-

126 1164 129 1177 .
191 1120 220 1156 “
237 1110 439 1212 speclaretss’
472 1115 579 1219 ‘Qae
596 1109 660 1185 ubi
676 1109 783 1185 relata
798 1110 917 1202 Civili,
936 1112 1092 1189 incensus
1108 1115 1173 1206 ira,

190 1233 388 1310 universam
399 1236 609 1317 Batavorum
620 1239 767 1330 'gentem
784 1215 821 1306 in
836 1258 932 1307 arma
947 1235 1047 1331 rapit.
1084 1234 1173 1332 Junss

147 1413 149 1418 -
191 1372 321 1456 guntur
331 1353 484 1428 Brucleri
500 1353 748 1451 Tenelerique‚
761 1357 794 1428 &
807 1354 923 1429 excita
932 1355 1068 1458 ‚nuntiis
1084 1360 1172 1433 Ger·
1210 1398 1212 1401 ·

190 1475 308 1551 mania
324 1477 368 1549 ad
391 1477 545 1575 praedam
563 1473 774 1573 famamque.
803 1536 805 1541 ,

198 1622 200 1626 ·
239 1597 362 1674 XXII.
389 1602 597 1687 onunsus
616 1597 676 1670 has
694 1596 777 1670 belli
793 1589 1030 1675 concurrentls‘
1048 1601 1171 1692 minas,
1235 1688 1239 1703 .

190 1719 296 1820 legati
323 1717 517 1816 legionum,
544 1716 748 1792 Mummius
764 1721 961 1818 Lupercus,
988 1722 1173 1796 &Numi

41 1879 45 1886 ·
135 1925 146 1945 χ
190 1844 256 1914 lius
274 1829 414 1928 Rufus,¹
429 1840 563 1912 vallum
580 1836 765 1937 murosque
782 1841 985 1915 firmabant:
1016 1841 1174 1930 subversa

190 1962 307 2062 longae
330 1959 424 2057 pacis
440 1984 560 2058 opera,
580 1961 673 2033 haud
691 1960 813 2057 procul
831 1960 998 2036 castrisin
1024 1965 1174 2040 modum

190 2080 374 2180 municipii
391 2079 576 2172 exstru&a,
600 2105 645 2154 ne
662 2080 817 2163 hostibus
833 2080 905 2161 usui
932 2081 1055 2159 forent.
1104 2084 1173 2178 Sed
1249 2132 1254 2135 -

189 2225 314 2302 parum
338 2201 530 2301 provisum,
557 2201 593 2273 ni
617 2201 738 2299 copiae‘
753 2199 790 2273 in
816 2202 922 2277 castra
937 2205 1171 2289 conveheren-

187 2346 266 2405 tur:
293 2323 367 2421 rapi
388 2322 587 2420 permisere.
636 2326 690 2397 lta
706 2322 822 2420 paucis
846 2321 968 2399 diebus
986 2349 1047 2420 per
1058 2324 1170 2403 licen,-

187 2443 274 2518 tiam
289 2444 474 2541 absumpta
498 2442 589 2535 sunt,
615 2471 692 2542 quae
714 2444 876 2518 adversus
898 2445 1115 2521 ,neceffitates
1136 2447 1173 2520 in

188 2566 337 2662 longum
365 2563 581 2642 suffecissent.
629 2565 753 2640 Civilis
770 2565 927 2640 medium
943 2586 1070 2664 agmen
1088 2591 1172 2642 curn
1255 2660 1259 2665 ι

188 2686 314 2756 robore
334 2687 544 2760 Batavorum
570 2685 745 2778 obtinens,
773 2707 957 2784 utramque
985 2685 1105 2762 Rheni
1125 2687 1172 2760 ri·

190 2827 296 2901 pam,
322 2803 394 2899 quo
428 2806 656 2880 truculentior
685 2801 759 2882 uisu
786 2807 884 2899 foret,
913 2810 1173 2911 Germanorum

190 2921 339 2996 catervis
366 2928 534 3023 complet,
561 2925 750 3002 adsultante
782 2953 842 3025 per
870 2955 1013 3027 campos
1042 2928 1171 3027 equite.

189 3043 301 3118 Simul
319 3069 424 3119 naves
435 3045 470 3119 in
486 3048 665 3123 adversum
677 3072 817 3123 amnem
834 3051 1037 3148 agebantur.
1073 3051 1172 3128 Hinc

189 3172 430 3240 veteranarum
458 3168 654 3243 cohortium
689 3173 797 3267 figna,
840 3169 921 3243 inde
952 3172 1173 3272 depromptae

191 3285 281 3361 silvis
307 3286 460 3385 lucisque
484 3287 633 3364 ferarum
658 3289 843 3391 imagines,
867 3312 907 3364 ut
928 3292 1055 3388 cuique
1072 3296 1187 3394 genti,
1235 3322 1242 3333 ⁸

188 3406 277 3481 inite
294 3407 459 3505 proeliunr
478 3434 556 3483 mos
571 3409 643 3500 est„
654 3410 765 3483 mixtrl
787 3409 870 3484 belli
887 3409 998 3485 civilis
1021 3415 1170 3490 extemi—

190 3549 261 3624 que
274 3526 361 3602 facie
373 3516 675 3628 obstupefecerant
687 3528 856 3604 obseffos:
877 3536 911 3606 ἃ
925 3529 1019 3629 spem
1029 3562 1169 3634 oppug-

187 3648 353 3723 nantium
381 3654 533 3751 augebat
556 3650 760 3749 amplitudo.
781 3651 877 3742 valli,
908 3656 1005 3752 quod
1034 3657 1170 3729 duabus

189 3767 386 3868 legionibus
405 3776 521 3866 litum,
549 3772 611 3848 vix
636 3770 795 3874 quinque
823 3774 933 3859 millia
957 3797 1170 3855 armatorum
