2766 4658
225 392 227 397 ·
335 359 742 434 Hrsronrnnou
775 359 888 430 Lra.
914 358 959 427 V.
1077 374 1149 450 329

173 542 236 621 rat,
261 529 374 629 ebque
396 533 582 608 seditiofius
605 535 766 631 agebant.
814 535 902 607 Tres
918 532 1039 621 duces,
1065 530 1167 622 toti-v
1227 591 1232 595 .
1298 595 1302 600 ,

170 654 252 725 dem
266 644 449 727 exercitus.¹
497 657 664 726 Extrema
683 658 716 726 δι
735 652 892 743 latissima
909 651 1080 724 moenium
1097 652 1147 725 Si·
1198 746 1201 753 ἱ

171 798 277 859 mon;
297 775 458 864 mediant
481 778 603 848 urbem
629 774 794 866 Joannes‚
820 798 926 868 quem
952 776 985 844 δι
1003 758 1147 866 Baigio-

171 900 245 967 ram
276 899 472 982 vocabant3
512 896 685 991 templum
721 895 909 966 Eleazarus
943 895 1151 966 firmaverat.

170 1015 449 1117 Multitudine&
469 1015 573 1086 armis
589 1018 753 1109 Joannes,
773 1040 812 1086 ac
829 1014 972 1099 Simoin
1006 1015 1152 1099 Eleaza-

173 1161 231 1208 rus
261 1137 338 1207 loco
363 1137 528 1233 pollebat.
579 1137 645 1207 Sed
677 1134 814 1230 proelia,
844 1135 960 1212 dolus.
992 1124 1153 1207 incendia

172 1255 259 1329 inter
277 1253 376 1352 ipsos,
398 1262 431 1327 δι
451 1281 577 1353 magna
594 1255 645 1327 vis
661 1254 829 1327 frumenti·
843 1255 1009 1327 ambusta.
1055 1235 1164 1327 'Mox'

174 1379 340 1471 Joannes,
364 1375 467 1447 millis
486 1401 545 1471 per
562 1374 710 1472 speciem
729 1375 954 1464 sacrificandi,
973 1375 1033 1472 qui
1048 1378 1150 1448 Elea-

173 1521 293 1569 zarum
311 1523 525 1594 manumque
549 1495 620 1594 ejus
643 1499 902 1587 obtruncarent,
931 1499 1065 1593 templo
1088 1524 1152 1594 po-
1178 1579 1179 1583 Ἰ

172 1616 276 1689 titur:
304 1616 351 1690 ita
368 1618 402 1690 in
419 1620 505 1722 duas
524 1616 689 1689 sacliones
706 1616 827 1689 civitas
844 1617 999 1706 discessit,
1018 1601 1154 1706 donec,
1201 1655 1204 1667 ·

172 1739 485 1835 propinquantibus
508 1737 693 1828 Romanis,
712 1739 844 1811 bellum
862 1759 1045 1812 externum
1067 1766 1151 1812 con·

173 1860 327 1932 cordiam
356 1880 497 1955 pareret.

221 1982 321 2053 XIII.
350 1984 601 2053 Evnuannur
630 1980 806 2077 prodigia,
833 2008 911 2079 quae
939 2007 1053 2080 neque
1075 1982 1153 2055 hos·

171 2101 226 2173 tiis
244 2127 356 2198 neque
380 2102 468 2173 votis
492 2102 587 2199 piare
612 2099 661 2173 sas
679 2104 783 2174 habet
801 2110 899 2199 gens,
925 2101 1154 2199 superstitioni

169 2222 337 2311 obnoxia,
369 2223 594 2319 religionibus
625 2220 775 2294 adversa.
825 2222 914 2294 Visae
942 2249 1002 2318 per
1028 2226 1153 2297 calum

170 2322 372 2415 concurrere
388 2342 493 2431 acies,
512 2343 683 2414 rutilantia
699 2367 808 2431 arma,
829 2347 860 2415 &
879 2341 991 2416 subito
1003 2343 1153 2417 nubium

170 2461 252 2558 igne
275 2463 446 2534 collucere
469 2442 654 2559 templum.
707 2466 868 2561 Expalsae
891 2464 1030 2561 repente
1054 2464 1153 2537 delu-

170 2580 224 2655 bri
241 2578 355 2667 sores;
387 2588 420 2656 δι
440 2584 559 2657 audita
584 2583 694 2683 major
714 2587 867 2659 humana
886 2611 971 2676 vox,
1004 2592 1031 2627 “
1049 2611 1152 2660 exce-

115 2715 120 2719 “
173 2710 200 2745 “
219 2703 301 2774 dere
326 2704 409 2774 deos
426 2705 462 2774 :’'
490 2705 589 2776 simul
614 2704 736 2802 ingens
763 2729 877 2780 motus
894 2707 1152 2780 excedentium.

171 2827 262 2920 Quae
281 2822 383 2919 pauci
403 2822 591 2897 in'metum
613 2828 812 2900 trahebant:
842 2828 999 2925 pluribus
1018 2829 1153 2925 persua·

169 2947 216 3017 fio
234 2944 352 3033 inerat,
381 2943 531 3040 antiquis
549 2945 764 3019 sacerdotum
782 2949 886 3022 literis
903 2950 1087 3038 contineri,
1113 2977 1157 3024 eo

170 3063 243 3161 ipso
259 3084 418 3160 tempore
436 3061 522 3153 fore,
551 3056 636 3139 “‘ut
654 3069 836 3159 valesceret
851 3069 989 3160 Oriens,
1016 3071 1154 3168 profec-

88 3234 91 3241 -
172 3191 200 3227 “
217 3184 313 3282 tique
331 3184 454 3278 judaea
471 3210 584 3258 rerum
600 3187 827 3283 potirentur.''
876 3194 967 3287 Qrae
987 3195 1154 3291 ambages

171 3303 417 3402 Vespasianum
435 3330 474 3377 ac
488 3306 614 3380 Titum
633 3310 874 3403 praedixerant.
925 3313 992 3383 Sed
1010 3315 1157 3413 vulgus,

171 3451 269 3499 more
287 3428 454 3498 humana
465 3425 651 3522 cupidinis,
664 3428 724 3500 fibi
738 3449 870 3501 tantam
887 3427 1035 3515 satorum
1055 3461 1154 3532 mag·
1270 3523 1274 3530 ι

172 3546 369 3655 nitudinem
387 3547 616 3644 interpretati,
636 3573 680 3619 ne
696 3549 843 3628 adversis
857 3550 1001 3647 quidem
1015 3554 1058 3624 ad
1075 3579 1155 3625 vera
1253 3639 1254 3649 χ

171 3670 427 3741 mutabantur,
481 3667 750 3743 Multitudinem
791 3670 998 3747 obsessorum
1040 3651 1153 3747 omnis

171 3787 291 3879 atatis,
305 3790 403 3866 virile
424 3815 464 3865 ac
484 3789 651 3865 muliebre
668 3789 775 3886 secus,
799 3791 960 3868 sexcenta
977 3792 1084 3871 millia
1097 3790 1154 3867 Iu«
