<?xml version="1.0" encoding="UTF-8"?>
<!DOCTYPE html PUBLIC "-//W3C//DTD XHTML 1.0 Transitional//EN"
    "http://www.w3.org/TR/xhtml1/DTD/xhtml1-transitional.dtd">
<html xmlns="http://www.w3.org/1999/xhtml" xml:lang="en" lang="en">
 <head>
  <title>
</title>
<meta http-equiv="Content-Type" content="text/html;charset=utf-8" />
  <meta name='ocr-system' content='tesseract 3.04.00' />
  <meta name='ocr-capabilities' content='ocr_page ocr_carea ocr_par ocr_line ocrx_word'/>
</head>
<body>
  <div class='ocr_page' id='page_1' title='image "./ccorneliitaciti01freigoog_0371.png"; bbox 0 0 2752 4710; ppageno 0'>
   <div class='ocr_carea' id='block_1_1' title="bbox 246 352 1047 433">
    <p class='ocr_par' dir='ltr' id='par_1_1' title="bbox 246 352 1047 433">
     <span class='ocr_line' id='line_1_1' title="bbox 246 352 1047 433; baseline 0.001 -1"><span class='ocrx_word' id='word_1_1' title='bbox 246 354 294 432; x_wconf 76' lang='lat'>26</span> <span class='ocrx_word' id='word_1_2' title='bbox 475 352 1047 433; x_wconf 76' lang='lat' dir='ltr'>C.Con1reutrTnc1r1</span> 
     </span>
    </p>
   </div>
   <div class='ocr_carea' id='block_1_2' title="bbox 147 516 1333 3881">
    <p class='ocr_par' dir='ltr' id='par_1_2' title="bbox 245 516 1276 871">
     <span class='ocr_line' id='line_1_2' title="bbox 295 516 1253 632; baseline 0.008 -30"><span class='ocrx_word' id='word_1_3' title='bbox 295 528 398 603; x_wconf 85' lang='lat' dir='ltr'><strong>XIX.</strong></span> <span class='ocrx_word' id='word_1_4' title='bbox 422 518 524 606; x_wconf 71' lang='grc' dir='ltr'>ΝΛΜ</span> <span class='ocrx_word' id='word_1_5' title='bbox 552 553 719 630; x_wconf 86' lang='lat' dir='ltr'>quatenus</span> <span class='ocrx_word' id='word_1_6' title='bbox 745 532 970 632; x_wconf 89' lang='lat' dir='ltr'>antiquorum</span> <span class='ocrx_word' id='word_1_7' title='bbox 999 516 1253 610; x_wconf 69' lang='lat' dir='ltr'>admiratores¹</span> 
     </span>
     <span class='ocr_line' id='line_1_3' title="bbox 245 652 1276 752; baseline 0.008 -26"><span class='ocrx_word' id='word_1_8' title='bbox 245 652 344 726; x_wconf 90' lang='lat' dir='ltr'>hunc</span> <span class='ocrx_word' id='word_1_9' title='bbox 367 653 463 726; x_wconf 91' lang='lat' dir='ltr'>velut</span> <span class='ocrx_word' id='word_1_10' title='bbox 487 654 677 727; x_wconf 91' lang='lat' dir='ltr'>terminum</span> <span class='ocrx_word' id='word_1_11' title='bbox 705 654 918 752; x_wconf 77' lang='lat' dir='ltr'>antiquitatis</span> <span class='ocrx_word' id='word_1_12' title='bbox 942 654 1149 729; x_wconf 87' lang='lat' dir='ltr'>constituere</span> <span class='ocrx_word' id='word_1_13' title='bbox 1171 653 1229 728; x_wconf 88' lang='lat' dir='ltr'>so·</span> <span class='ocrx_word' id='word_1_14' title='bbox 1271 724 1276 734; x_wconf 89' lang='grc'><em>,</em></span> 
     </span>
     <span class='ocr_line' id='line_1_4' title="bbox 245 755 1227 871; baseline 0.001 -24"><span class='ocrx_word' id='word_1_15' title='bbox 245 773 331 861; x_wconf 83' lang='lat' dir='ltr'>lent,</span> <span class='ocrx_word' id='word_1_16' title='bbox 365 797 470 870; x_wconf 88' lang='lat' dir='ltr'>quern</span> <span class='ocrx_word' id='word_1_17' title='bbox 499 772 606 871; x_wconf 83' lang='lat' dir='ltr'>usque</span> <span class='ocrx_word' id='word_1_18' title='bbox 634 774 679 846; x_wconf 89' lang='lat' dir='ltr'>ad</span> <span class='ocrx_word' id='word_1_19' title='bbox 706 776 860 847; x_wconf 64' lang='lat' dir='ltr'>Calsrum&#39;</span> <span class='ocrx_word' id='word_1_20' title='bbox 884 755 1049 848; x_wconf 80' lang='lat' dir='ltr'>Severum</span> <span class='ocrx_word' id='word_1_21' title='bbox 1083 773 1227 867; x_wconf 76' lang='lat' dir='ltr'>faciunt,</span> 
     </span>
    </p>

    <p class='ocr_par' dir='ltr' id='par_1_3' title="bbox 244 893 1226 989">
     <span class='ocr_line' id='line_1_5' title="bbox 244 893 1226 989; baseline 0.004 -24"><span class='ocrx_word' id='word_1_22' title='bbox 244 917 351 989; x_wconf 91' lang='lat' dir='ltr'>quem</span> <span class='ocrx_word' id='word_1_23' title='bbox 385 893 538 988; x_wconf 87' lang='lat' dir='ltr'>primum</span> <span class='ocrx_word' id='word_1_24' title='bbox 566 895 739 967; x_wconf 85' lang='lat' dir='ltr'>affirmant</span> <span class='ocrx_word' id='word_1_25' title='bbox 765 894 895 968; x_wconf 84' lang='lat' dir='ltr'>flexille</span> <span class='ocrx_word' id='word_1_26' title='bbox 931 896 977 968; x_wconf 91' lang='lat' dir='ltr'>ab</span> <span class='ocrx_word' id='word_1_27' title='bbox 1003 895 1061 967; x_wconf 76' lang='lat' dir='ltr'>illa</span> <span class='ocrx_word' id='word_1_28' title='bbox 1091 916 1226 986; x_wconf 88' lang='lat' dir='ltr'>vetere,</span> 
     </span>
    </p>

    <p class='ocr_par' dir='ltr' id='par_1_4' title="bbox 163 995 1226 1225">
     <span class='ocr_line' id='line_1_6' title="bbox 163 995 1225 1117; baseline 0.002 -31"><span class='ocrx_word' id='word_1_29' title='bbox 163 995 166 1002; x_wconf 33' lang='lat'>⁵</span> <span class='ocrx_word' id='word_1_30' title='bbox 242 1034 348 1110; x_wconf 82' lang='lat' dir='ltr'>atque</span> <span class='ocrx_word' id='word_1_31' title='bbox 363 1013 492 1086; x_wconf 74' lang='lat' dir='ltr'>direna</span> <span class='ocrx_word' id='word_1_32' title='bbox 508 1014 648 1087; x_wconf 88' lang='lat' dir='ltr'>dicendi</span> <span class='ocrx_word' id='word_1_33' title='bbox 665 1016 742 1088; x_wconf 74' lang='lat' dir='ltr'>via:</span> <span class='ocrx_word' id='word_1_34' title='bbox 774 1042 845 1089; x_wconf 90' lang='lat' dir='ltr'>non</span> <span class='ocrx_word' id='word_1_35' title='bbox 862 1014 1061 1088; x_wconf 85' lang='lat' dir='ltr'>infirmitate</span> <span class='ocrx_word' id='word_1_36' title='bbox 1077 1013 1225 1117; x_wconf 77' lang='lat' dir='ltr'>ingenii,</span> 
     </span>
     <span class='ocr_line' id='line_1_7' title="bbox 242 1132 1226 1225; baseline 0 -17"><span class='ocrx_word' id='word_1_37' title='bbox 242 1159 308 1208; x_wconf 84' lang='lat' dir='ltr'>nec</span> <span class='ocrx_word' id='word_1_38' title='bbox 325 1132 456 1207; x_wconf 70' lang='lat' dir='ltr'>inscitih</span> <span class='ocrx_word' id='word_1_39' title='bbox 477 1133 667 1225; x_wconf 88' lang='lat' dir='ltr'>literarum,</span> <span class='ocrx_word' id='word_1_40' title='bbox 684 1134 896 1209; x_wconf 82' lang='lat' dir='ltr'>transtulilse</span> <span class='ocrx_word' id='word_1_41' title='bbox 920 1133 953 1208; x_wconf 91' lang='lat' dir='ltr'>se</span> <span class='ocrx_word' id='word_1_42' title='bbox 970 1134 1014 1207; x_wconf 92' lang='lat' dir='ltr'>ad</span> <span class='ocrx_word' id='word_1_43' title='bbox 1032 1134 1068 1208; x_wconf 91' lang='lat' dir='ltr'>id</span> <span class='ocrx_word' id='word_1_44' title='bbox 1084 1135 1226 1208; x_wconf 88' lang='lat' dir='ltr'>dicendi</span> 
     </span>
    </p>

    <p class='ocr_par' dir='ltr' id='par_1_5' title="bbox 208 1234 1241 1716">
     <span class='ocr_line' id='line_1_8' title="bbox 208 1234 1228 1359; baseline 0.003 -32"><span class='ocrx_word' id='word_1_45' title='bbox 208 1234 211 1239; x_wconf 19' lang='lat'>¹</span> <span class='ocrx_word' id='word_1_46' title='bbox 244 1279 355 1359; x_wconf 85' lang='lat' dir='ltr'>genus</span> <span class='ocrx_word' id='word_1_47' title='bbox 378 1255 566 1344; x_wconf 91' lang='lat' dir='ltr'>contendo,</span> <span class='ocrx_word' id='word_1_48' title='bbox 591 1253 649 1328; x_wconf 90' lang='lat' dir='ltr'>sed</span> <span class='ocrx_word' id='word_1_49' title='bbox 667 1254 802 1353; x_wconf 86' lang='lat' dir='ltr'>judicio</span> <span class='ocrx_word' id='word_1_50' title='bbox 828 1261 861 1330; x_wconf 76' lang='lat' dir='ltr'>br</span> <span class='ocrx_word' id='word_1_51' title='bbox 890 1255 1077 1330; x_wconf 67' lang='lat' dir='ltr'>intellellu.</span> <span class='ocrx_word' id='word_1_52' title='bbox 1127 1257 1228 1330; x_wconf 88' lang='lat' dir='ltr'>Vidit</span> 
     </span>
     <span class='ocr_line' id='line_1_9' title="bbox 242 1375 1228 1472; baseline 0 -22"><span class='ocrx_word' id='word_1_53' title='bbox 242 1399 410 1472; x_wconf 88' lang='lat' dir='ltr'>namque,</span> <span class='ocrx_word' id='word_1_54' title='bbox 441 1395 479 1446; x_wconf 92' lang='lat' dir='ltr'>ut</span> <span class='ocrx_word' id='word_1_55' title='bbox 498 1376 614 1471; x_wconf 90' lang='lat' dir='ltr'>paullo</span> <span class='ocrx_word' id='word_1_56' title='bbox 630 1375 708 1448; x_wconf 71' lang='lat' dir='ltr'>ante</span> <span class='ocrx_word' id='word_1_57' title='bbox 726 1376 901 1466; x_wconf 76' lang='lat' dir='ltr'>dicebam,</span> <span class='ocrx_word' id='word_1_58' title='bbox 928 1402 1009 1450; x_wconf 90' lang='lat' dir='ltr'>cum</span> <span class='ocrx_word' id='word_1_59' title='bbox 1027 1375 1228 1450; x_wconf 85' lang='lat' dir='ltr'>conditione</span> 
     </span>
     <span class='ocr_line' id='line_1_10' title="bbox 241 1495 1241 1595; baseline 0.006 -26"><span class='ocrx_word' id='word_1_60' title='bbox 241 1516 441 1592; x_wconf 88' lang='lat' dir='ltr'>temporum</span> <span class='ocrx_word' id='word_1_61' title='bbox 457 1520 498 1570; x_wconf 90' lang='lat' dir='ltr'>ac</span> <span class='ocrx_word' id='word_1_62' title='bbox 510 1495 703 1570; x_wconf 74' lang='lat' dir='ltr'>diversitate</span> <span class='ocrx_word' id='word_1_63' title='bbox 714 1496 849 1569; x_wconf 88' lang='lat' dir='ltr'>aurium</span> <span class='ocrx_word' id='word_1_64' title='bbox 862 1495 1011 1570; x_wconf 86' lang='lat' dir='ltr'>formam</span> <span class='ocrx_word' id='word_1_65' title='bbox 1026 1522 1170 1595; x_wconf 91' lang='lat' dir='ltr'>quoque</span> <span class='ocrx_word' id='word_1_66' title='bbox 1184 1523 1241 1577; x_wconf 63' lang='lat' dir='ltr'>ac,</span> 
     </span>
     <span class='ocr_line' id='line_1_11' title="bbox 240 1614 1225 1716; baseline 0 -24"><span class='ocrx_word' id='word_1_67' title='bbox 240 1614 389 1713; x_wconf 87' lang='lat' dir='ltr'>speciem</span> <span class='ocrx_word' id='word_1_68' title='bbox 412 1614 573 1689; x_wconf 84' lang='lat' dir='ltr'>orationis</span> <span class='ocrx_word' id='word_1_69' title='bbox 590 1617 656 1690; x_wconf 81' lang='lat' dir='ltr'>effe</span> <span class='ocrx_word' id='word_1_70' title='bbox 673 1619 890 1690; x_wconf 87' lang='lat' dir='ltr'><strong>mutandam.</strong></span> <span class='ocrx_word' id='word_1_71' title='bbox 940 1616 1057 1692; x_wconf 71' lang='lat' dir='ltr'>Facile</span> <span class='ocrx_word' id='word_1_72' title='bbox 1075 1615 1225 1716; x_wconf 85' lang='lat' dir='ltr'>perfere-</span> 
     </span>
    </p>

    <p class='ocr_par' dir='ltr' id='par_1_6' title="bbox 147 1734 1333 3881">
     <span class='ocr_line' id='line_1_12' title="bbox 191 1734 1333 1836; baseline -0.001 -24"><span class='ocrx_word' id='word_1_73' title='bbox 191 1771 193 1775; x_wconf 89' lang='lat'><em>·</em></span> <span class='ocrx_word' id='word_1_74' title='bbox 241 1738 301 1812; x_wconf 90' lang='lat' dir='ltr'>bat</span> <span class='ocrx_word' id='word_1_75' title='bbox 321 1735 412 1833; x_wconf 92' lang='lat' dir='ltr'>prior</span> <span class='ocrx_word' id='word_1_76' title='bbox 428 1734 487 1812; x_wconf 85' lang='lat' dir='ltr'>iste</span> <span class='ocrx_word' id='word_1_77' title='bbox 505 1739 670 1834; x_wconf 91' lang='lat' dir='ltr'>populus,</span> <span class='ocrx_word' id='word_1_78' title='bbox 684 1759 723 1812; x_wconf 92' lang='lat' dir='ltr'>ut</span> <span class='ocrx_word' id='word_1_79' title='bbox 740 1736 1091 1836; x_wconf 86' lang='lat' dir='ltr'>imperitus&amp;rudis,</span> <span class='ocrx_word' id='word_1_80' title='bbox 1108 1738 1224 1835; x_wconf 51' lang='lat' dir='ltr'>impes</span> <span class='ocrx_word' id='word_1_81' title='bbox 1330 1734 1333 1750; x_wconf 18' lang='grc' dir='ltr'>ἱ</span> 
     </span>
     <span class='ocr_line' id='line_1_13' title="bbox 155 1855 1226 1956; baseline 0 -23"><span class='ocrx_word' id='word_1_82' title='bbox 155 1891 161 1898; x_wconf 68' lang='grc'>’</span> <span class='ocrx_word' id='word_1_83' title='bbox 238 1855 469 1933; x_wconf 80' lang='lat' dir='ltr'>titiffirnarurn</span> <span class='ocrx_word' id='word_1_84' title='bbox 479 1857 672 1931; x_wconf 89' lang='lat' dir='ltr'>orationum</span> <span class='ocrx_word' id='word_1_85' title='bbox 686 1855 791 1955; x_wconf 89' lang='lat' dir='ltr'>spatia</span> <span class='ocrx_word' id='word_1_86' title='bbox 804 1887 813 1931; x_wconf 75' lang='grc' dir='ltr'>ι</span> <span class='ocrx_word' id='word_1_87' title='bbox 828 1880 934 1956; x_wconf 90' lang='lat' dir='ltr'>atque</span> <span class='ocrx_word' id='word_1_88' title='bbox 951 1858 986 1931; x_wconf 92' lang='lat' dir='ltr'>id</span> <span class='ocrx_word' id='word_1_89' title='bbox 1004 1855 1115 1955; x_wconf 86' lang='lat' dir='ltr'>ipsum</span> <span class='ocrx_word' id='word_1_90' title='bbox 1127 1859 1226 1933; x_wconf 89' lang='lat' dir='ltr'>laudi</span> 
     </span>
     <span class='ocr_line' id='line_1_14' title="bbox 147 1976 1225 2076; baseline 0.009 -34"><span class='ocrx_word' id='word_1_91' title='bbox 147 2037 149 2042; x_wconf 88' lang='grc'><em>,</em></span> <span class='ocrx_word' id='word_1_92' title='bbox 240 1976 404 2064; x_wconf 83' lang='lat' dir='ltr'>dabatur,</span> <span class='ocrx_word' id='word_1_93' title='bbox 424 1979 447 2049; x_wconf 91' lang='lat' dir='ltr'>s1</span> <span class='ocrx_word' id='word_1_94' title='bbox 465 1976 615 2051; x_wconf 88' lang='lat' dir='ltr'>dicendo</span> <span class='ocrx_word' id='word_1_95' title='bbox 632 1979 707 2076; x_wconf 90' lang='lat' dir='ltr'>quis</span> <span class='ocrx_word' id='word_1_96' title='bbox 724 1978 819 2051; x_wconf 91' lang='lat' dir='ltr'>diem</span> <span class='ocrx_word' id='word_1_97' title='bbox 831 1978 1016 2060; x_wconf 78' lang='lat' dir='ltr'>eximeret.</span> <span class='ocrx_word' id='word_1_98' title='bbox 1067 1981 1121 2052; x_wconf 91' lang='lat' dir='ltr'>Ita</span> <span class='ocrx_word' id='word_1_99' title='bbox 1137 1978 1225 2065; x_wconf 63' lang='lat' dir='ltr'>uero</span> 
     </span>
     <span class='ocr_line' id='line_1_15' title="bbox 240 2095 1228 2195; baseline 0 -22"><span class='ocrx_word' id='word_1_100' title='bbox 240 2097 348 2194; x_wconf 86' lang='lat' dir='ltr'>longa</span> <span class='ocrx_word' id='word_1_101' title='bbox 369 2095 619 2195; x_wconf 85' lang='lat' dir='ltr'>principiorum</span> <span class='ocrx_word' id='word_1_102' title='bbox 643 2097 856 2195; x_wconf 80' lang='lat' dir='ltr'>praeparatio,</span> <span class='ocrx_word' id='word_1_103' title='bbox 870 2102 918 2170; x_wconf 84' lang='lat'>·&amp;</span> <span class='ocrx_word' id='word_1_104' title='bbox 936 2097 1139 2171; x_wconf 84' lang='lat' dir='ltr'>narrationis</span> <span class='ocrx_word' id='word_1_105' title='bbox 1155 2100 1228 2174; x_wconf 71' lang='lat' dir='ltr'>altd</span> 
     </span>
     <span class='ocr_line' id='line_1_16' title="bbox 239 2215 1221 2315; baseline -0.001 -23"><span class='ocrx_word' id='word_1_106' title='bbox 239 2215 387 2315; x_wconf 87' lang='lat' dir='ltr'>repetita</span> <span class='ocrx_word' id='word_1_107' title='bbox 403 2216 514 2309; x_wconf 88' lang='lat' dir='ltr'>series,</span> <span class='ocrx_word' id='word_1_108' title='bbox 535 2223 568 2292; x_wconf 68' lang='grc' dir='ltr'>ἃ</span> <span class='ocrx_word' id='word_1_109' title='bbox 594 2220 781 2292; x_wconf 90' lang='lat' dir='ltr'>multarum</span> <span class='ocrx_word' id='word_1_110' title='bbox 799 2217 1002 2290; x_wconf 77' lang='lat' dir='ltr'>divisionum</span> <span class='ocrx_word' id='word_1_111' title='bbox 1020 2216 1221 2310; x_wconf 88' lang='lat' dir='ltr'>ostentatio,</span> 
     </span>
     <span class='ocr_line' id='line_1_17' title="bbox 241 2335 1222 2438; baseline 0.001 -25"><span class='ocrx_word' id='word_1_112' title='bbox 241 2344 275 2413; x_wconf 77' lang='grc' dir='ltr'>δι</span> <span class='ocrx_word' id='word_1_113' title='bbox 293 2338 390 2414; x_wconf 85' lang='lat' dir='ltr'>mille</span> <span class='ocrx_word' id='word_1_114' title='bbox 406 2359 690 2438; x_wconf 83' lang='lat' dir='ltr'>argumentorum</span> <span class='ocrx_word' id='word_1_115' title='bbox 712 2339 854 2437; x_wconf 85' lang='lat' dir='ltr'>gradus,</span> <span class='ocrx_word' id='word_1_116' title='bbox 875 2342 906 2412; x_wconf 73' lang='lat' dir='ltr'>a</span> <span class='ocrx_word' id='word_1_117' title='bbox 926 2335 1098 2435; x_wconf 91' lang='lat' dir='ltr'>quidquid</span> <span class='ocrx_word' id='word_1_118' title='bbox 1122 2337 1222 2414; x_wconf 87' lang='lat' dir='ltr'>aliud</span> 
     </span>
     <span class='ocr_line' id='line_1_18' title="bbox 240 2457 1223 2557; baseline 0 -25"><span class='ocrx_word' id='word_1_119' title='bbox 240 2459 430 2534; x_wconf 78' lang='lat' dir='ltr'>aridissimis</span> <span class='ocrx_word' id='word_1_120' title='bbox 456 2461 688 2557; x_wconf 76' lang='lat' dir='ltr'>Hermagora</span> <span class='ocrx_word' id='word_1_121' title='bbox 707 2463 740 2532; x_wconf 80' lang='grc' dir='ltr'>δι</span> <span class='ocrx_word' id='word_1_122' title='bbox 759 2458 968 2556; x_wconf 85' lang='lat' dir='ltr'>Apollodori</span> <span class='ocrx_word' id='word_1_123' title='bbox 987 2457 1081 2533; x_wconf 89' lang='lat' dir='ltr'>libris</span> <span class='ocrx_word' id='word_1_124' title='bbox 1097 2460 1223 2556; x_wconf 82' lang='lat' dir='ltr'>praeci·</span> 
     </span>
     <span class='ocr_line' id='line_1_19' title="bbox 240 2577 1220 2678; baseline -0.001 -26"><span class='ocrx_word' id='word_1_125' title='bbox 240 2580 347 2678; x_wconf 90' lang='lat' dir='ltr'>pitur,</span> <span class='ocrx_word' id='word_1_126' title='bbox 366 2580 401 2655; x_wconf 94' lang='lat' dir='ltr'>in</span> <span class='ocrx_word' id='word_1_127' title='bbox 418 2582 551 2654; x_wconf 88' lang='lat' dir='ltr'>honore</span> <span class='ocrx_word' id='word_1_128' title='bbox 567 2600 637 2652; x_wconf 84' lang='lat' dir='ltr'>erat</span> <span class='ocrx_word' id='word_1_129' title='bbox 652 2606 660 2650; x_wconf 90' lang='lat'>:</span> <span class='ocrx_word' id='word_1_130' title='bbox 681 2577 776 2676; x_wconf 77' lang='lat' dir='ltr'>quod</span> <span class='ocrx_word' id='word_1_131' title='bbox 794 2582 817 2651; x_wconf 85' lang='lat' dir='ltr'>fi</span> <span class='ocrx_word' id='word_1_132' title='bbox 832 2578 908 2677; x_wconf 85' lang='lat' dir='ltr'>quis</span> <span class='ocrx_word' id='word_1_133' title='bbox 924 2580 1088 2652; x_wconf 86' lang='lat' dir='ltr'>odoratus</span> <span class='ocrx_word' id='word_1_134' title='bbox 1104 2578 1220 2676; x_wconf 87' lang='lat' dir='ltr'>philo·</span> 
     </span>
     <span class='ocr_line' id='line_1_20' title="bbox 238 2697 1220 2800; baseline -0.002 -24"><span class='ocrx_word' id='word_1_135' title='bbox 238 2700 409 2800; x_wconf 91' lang='lat' dir='ltr'>sophiam,</span> <span class='ocrx_word' id='word_1_136' title='bbox 427 2720 532 2797; x_wconf 89' lang='lat' dir='ltr'>atque</span> <span class='ocrx_word' id='word_1_137' title='bbox 553 2726 597 2772; x_wconf 83' lang='lat' dir='ltr'>ex</span> <span class='ocrx_word' id='word_1_138' title='bbox 617 2702 656 2773; x_wconf 70' lang='lat' dir='ltr'>eh</span> <span class='ocrx_word' id='word_1_139' title='bbox 673 2700 794 2772; x_wconf 89' lang='lat' dir='ltr'>locum</span> <span class='ocrx_word' id='word_1_140' title='bbox 815 2697 968 2796; x_wconf 90' lang='lat' dir='ltr'>aliquem</span> <span class='ocrx_word' id='word_1_141' title='bbox 984 2699 1129 2774; x_wconf 88' lang='lat' dir='ltr'>orationi</span> <span class='ocrx_word' id='word_1_142' title='bbox 1151 2700 1220 2774; x_wconf 81' lang='lat' dir='ltr'>suae</span> 
     </span>
     <span class='ocr_line' id='line_1_21' title="bbox 237 2819 1220 2913; baseline -0.003 -16"><span class='ocrx_word' id='word_1_143' title='bbox 237 2823 410 2913; x_wconf 87' lang='lat' dir='ltr'>insererer,</span> <span class='ocrx_word' id='word_1_144' title='bbox 435 2821 470 2896; x_wconf 96' lang='lat' dir='ltr'>in</span> <span class='ocrx_word' id='word_1_145' title='bbox 495 2821 619 2894; x_wconf 87' lang='lat' dir='ltr'>caelurn</span> <span class='ocrx_word' id='word_1_146' title='bbox 643 2819 804 2893; x_wconf 88' lang='lat' dir='ltr'>laudibus</span> <span class='ocrx_word' id='word_1_147' title='bbox 827 2819 1008 2895; x_wconf 86' lang='lat' dir='ltr'>ferebatur.</span> <span class='ocrx_word' id='word_1_148' title='bbox 1056 2822 1134 2894; x_wconf 89' lang='lat' dir='ltr'>Nec</span> <span class='ocrx_word' id='word_1_149' title='bbox 1151 2847 1220 2894; x_wconf 92' lang='lat' dir='ltr'>nu·</span> 
     </span>
     <span class='ocr_line' id='line_1_22' title="bbox 238 2938 1222 3041; baseline -0.002 -24"><span class='ocrx_word' id='word_1_150' title='bbox 238 2969 341 3017; x_wconf 89' lang='lat' dir='ltr'>rum:</span> <span class='ocrx_word' id='word_1_151' title='bbox 369 2961 464 3016; x_wconf 87' lang='lat' dir='ltr'>erant</span> <span class='ocrx_word' id='word_1_152' title='bbox 480 2938 576 3013; x_wconf 89' lang='lat' dir='ltr'>enim</span> <span class='ocrx_word' id='word_1_153' title='bbox 599 2940 674 3013; x_wconf 83' lang='lat' dir='ltr'>haec</span> <span class='ocrx_word' id='word_1_154' title='bbox 691 2944 828 3013; x_wconf 83' lang='lat' dir='ltr'>nova&amp;</span> <span class='ocrx_word' id='word_1_155' title='bbox 846 2939 1044 3041; x_wconf 78' lang='lat' dir='ltr'>incognita:</span> <span class='ocrx_word' id='word_1_156' title='bbox 1073 2947 1107 3015; x_wconf 79' lang='grc' dir='ltr'>ὅτ</span> <span class='ocrx_word' id='word_1_157' title='bbox 1128 2941 1222 3039; x_wconf 54' lang='lat' dir='ltr'>ipso:</span> 
     </span>
     <span class='ocr_line' id='line_1_23' title="bbox 238 3044 1218 3165; baseline -0.001 -29"><span class='ocrx_word' id='word_1_158' title='bbox 238 3090 318 3137; x_wconf 86' lang='lat' dir='ltr'>rum</span> <span class='ocrx_word' id='word_1_159' title='bbox 336 3087 478 3165; x_wconf 88' lang='lat' dir='ltr'>quoque</span> <span class='ocrx_word' id='word_1_160' title='bbox 501 3080 676 3134; x_wconf 90' lang='lat' dir='ltr'>oratorum</span> <span class='ocrx_word' id='word_1_161' title='bbox 693 3059 880 3156; x_wconf 87' lang='lat' dir='ltr'>paueiffimi</span> <span class='ocrx_word' id='word_1_162' title='bbox 906 3044 1079 3159; x_wconf 82' lang='lat' dir='ltr'>praecepta</span> <span class='ocrx_word' id='word_1_163' title='bbox 1100 3063 1218 3135; x_wconf 87' lang='lat' dir='ltr'>rheto-</span> 
     </span>
     <span class='ocr_line' id='line_1_24' title="bbox 238 3178 1219 3281; baseline 0.001 -27"><span class='ocrx_word' id='word_1_164' title='bbox 238 3209 332 3273; x_wconf 90' lang='lat' dir='ltr'>rum,</span> <span class='ocrx_word' id='word_1_165' title='bbox 344 3203 402 3256; x_wconf 89' lang='lat' dir='ltr'>aut</span> <span class='ocrx_word' id='word_1_166' title='bbox 417 3179 700 3281; x_wconf 85' lang='lat' dir='ltr'>philosophorum</span> <span class='ocrx_word' id='word_1_167' title='bbox 717 3178 856 3277; x_wconf 86' lang='lat' dir='ltr'>placita,</span> <span class='ocrx_word' id='word_1_168' title='bbox 871 3202 1116 3279; x_wconf 80' lang='lat' dir='ltr'>cognoverant.</span> <span class='ocrx_word' id='word_1_169' title='bbox 1166 3188 1219 3255; x_wconf 86' lang='lat' dir='ltr'>At</span> 
     </span>
     <span class='ocr_line' id='line_1_25' title="bbox 235 3298 1216 3403; baseline -0.002 -30"><span class='ocrx_word' id='word_1_170' title='bbox 235 3302 378 3375; x_wconf 88' lang='lat' dir='ltr'>hercule</span> <span class='ocrx_word' id='word_1_171' title='bbox 396 3302 607 3401; x_wconf 85' lang='lat' dir='ltr'>pervulgatis</span> <span class='ocrx_word' id='word_1_172' title='bbox 617 3298 690 3398; x_wconf 88' lang='lat' dir='ltr'>jam</span> <span class='ocrx_word' id='word_1_173' title='bbox 708 3301 885 3394; x_wconf 88' lang='lat' dir='ltr'>omnibus,</span> <span class='ocrx_word' id='word_1_174' title='bbox 912 3301 994 3375; x_wconf 77' lang='lat' dir='ltr'>ciun</span> <span class='ocrx_word' id='word_1_175' title='bbox 1010 3300 1071 3375; x_wconf 87' lang='lat' dir='ltr'>vix</span> <span class='ocrx_word' id='word_1_176' title='bbox 1086 3301 1216 3403; x_wconf 83' lang='lat' dir='ltr'>incor-</span> 
     </span>
     <span class='ocr_line' id='line_1_26' title="bbox 237 3414 1277 3527; baseline 0 -33"><span class='ocrx_word' id='word_1_177' title='bbox 237 3423 308 3495; x_wconf 70' lang='lat' dir='ltr'>tinh</span> <span class='ocrx_word' id='word_1_178' title='bbox 324 3421 505 3527; x_wconf 85' lang='lat' dir='ltr'>quisquam</span> <span class='ocrx_word' id='word_1_179' title='bbox 526 3423 674 3511; x_wconf 75' lang='lat' dir='ltr'>adsistat,</span> <span class='ocrx_word' id='word_1_180' title='bbox 694 3419 755 3518; x_wconf 90' lang='lat' dir='ltr'>qui</span> <span class='ocrx_word' id='word_1_181' title='bbox 772 3421 958 3494; x_wconf 48' lang='lat' dir='ltr'>elementis&gt;</span> <span class='ocrx_word' id='word_1_182' title='bbox 972 3414 1161 3494; x_wconf 87' lang='lat' dir='ltr'>studiorum</span> <span class='ocrx_word' id='word_1_183' title='bbox 1179 3423 1216 3494; x_wconf 89' lang='lat'>&amp;</span> <span class='ocrx_word' id='word_1_184' title='bbox 1272 3414 1277 3427; x_wconf 75' lang='grc'>’</span> 
     </span>
     <span class='ocr_line' id='line_1_27' title="bbox 164 3540 1214 3632; baseline -0.004 -15"><span class='ocrx_word' id='word_1_185' title='bbox 164 3626 167 3631; x_wconf 40' lang='grc'>,</span> <span class='ocrx_word' id='word_1_186' title='bbox 239 3547 262 3617; x_wconf 84' lang='lat' dir='ltr'>fi</span> <span class='ocrx_word' id='word_1_187' title='bbox 278 3568 349 3615; x_wconf 93' lang='lat' dir='ltr'>non</span> <span class='ocrx_word' id='word_1_188' title='bbox 367 3541 560 3632; x_wconf 69' lang='lat' dir='ltr'>instmetus,</span> <span class='ocrx_word' id='word_1_189' title='bbox 586 3562 620 3614; x_wconf 92' lang='lat' dir='ltr'>at</span> <span class='ocrx_word' id='word_1_190' title='bbox 637 3541 726 3615; x_wconf 69' lang='lat' dir='ltr'>certe</span> <span class='ocrx_word' id='word_1_191' title='bbox 743 3540 899 3614; x_wconf 89' lang='lat' dir='ltr'>imbutus</span> <span class='ocrx_word' id='word_1_192' title='bbox 917 3546 968 3632; x_wconf 78' lang='lat' dir='ltr'>sir,</span> <span class='ocrx_word' id='word_1_193' title='bbox 981 3540 1081 3614; x_wconf 78' lang='lat' dir='ltr'>novis</span> <span class='ocrx_word' id='word_1_194' title='bbox 1098 3545 1130 3614; x_wconf 76' lang='grc' dir='ltr'>δι</span> <span class='ocrx_word' id='word_1_195' title='bbox 1148 3565 1214 3613; x_wconf 90' lang='lat' dir='ltr'>ex·</span> 
     </span>
     <span class='ocr_line' id='line_1_28' title="bbox 239 3656 1240 3761; baseline -0.002 -24"><span class='ocrx_word' id='word_1_196' title='bbox 239 3661 368 3761; x_wconf 79' lang='lat' dir='ltr'>quisuis</span> <span class='ocrx_word' id='word_1_197' title='bbox 393 3661 597 3756; x_wconf 75' lang='lat' dir='ltr'>eloquentia</span> <span class='ocrx_word' id='word_1_198' title='bbox 626 3659 804 3734; x_wconf 87' lang='lat' dir='ltr'>itineribus</span> <span class='ocrx_word' id='word_1_199' title='bbox 828 3687 918 3758; x_wconf 86' lang='lat' dir='ltr'>opus</span> <span class='ocrx_word' id='word_1_200' title='bbox 947 3659 1009 3750; x_wconf 89' lang='lat' dir='ltr'>cst,</span> <span class='ocrx_word' id='word_1_201' title='bbox 1045 3684 1108 3758; x_wconf 90' lang='lat' dir='ltr'>per</span> <span class='ocrx_word' id='word_1_202' title='bbox 1131 3656 1240 3758; x_wconf 54' lang='lat' dir='ltr'>quae&#39;</span> 
     </span>
     <span class='ocr_line' id='line_1_29' title="bbox 237 3779 1217 3881; baseline -0.005 -21"><span class='ocrx_word' id='word_1_203' title='bbox 237 3807 351 3861; x_wconf 89' lang='lat' dir='ltr'>orator</span> <span class='ocrx_word' id='word_1_204' title='bbox 372 3780 549 3860; x_wconf 86' lang='lat' dir='ltr'>fastidium</span> <span class='ocrx_word' id='word_1_205' title='bbox 567 3780 702 3856; x_wconf 82' lang='lat' dir='ltr'>aurium</span> <span class='ocrx_word' id='word_1_206' title='bbox 715 3780 872 3881; x_wconf 82' lang='lat' dir='ltr'>effugiat,</span> <span class='ocrx_word' id='word_1_207' title='bbox 894 3779 1014 3880; x_wconf 87' lang='lat' dir='ltr'>utique</span> <span class='ocrx_word' id='word_1_208' title='bbox 1036 3780 1130 3880; x_wconf 89' lang='lat' dir='ltr'>apud</span> <span class='ocrx_word' id='word_1_209' title='bbox 1154 3804 1217 3855; x_wconf 80' lang='lat' dir='ltr'>eos</span> 
     </span>
    </p>
   </div>
   <div class='ocr_carea' id='block_1_3' title="bbox 0 0 1380 4710">
    <p class='ocr_par' dir='ltr' id='par_1_7' title="bbox 0 0 1380 4710">
     <span class='ocr_line' id='line_1_30' title="bbox 0 0 1380 4710; baseline 0 3"><span class='ocrx_word' id='word_1_210' title='bbox 0 0 1380 4710; x_wconf 95' lang='lat' dir='ltr'> </span> 
     </span>
    </p>
   </div>
  </div>
 </body>
</html>
