2844 4704
324 342 964 427 HrsrorrnnusrLss.‘ll.
1068 371 1130 430 ιιι

203 507 412 597 xllx-‘vnn
438 526 583 611 Veros,
607 548 647 596 ac
664 519 741 621 jam
766 521 901 619 pridem
921 523 1018 597 insita
1040 550 1136 599 mor·

154 643 278 719 talibus
296 642 457 740 potentia
475 642 622 741 eupid0,
640 667 724 716 cum
739 642 874 740 imperii
892 643 1137 741 magnitudine

153 764 319 854 adolevit,
345 762 537 862 erupitque.
587 765 685 836 Nam
708 765 810 836 rebus
832 763 993 855 modicis,
1020 791 1139 862 aequa.

156 885 232 959 litas
260 881 361 959 facile
382 886 600 958 habebatur:
632 881 691 956 sed
712 882 775 957 ubi
807 882 948 958 subarro
976 888 1075 976 orbe,
1104 890 1141 960 br

156 1006 289 1080 aemulis
320 1004 465 1079 urbibus
498 1002 681 1102 regibusve
712 1004 846 1093 exciso,
885 1005 1016 1079 securas
1055 1031 1140 1103 opes

157 1125 397 1224 concupiscere
421 1114 575 1199 vacuum
592 1119 673 1214 fuir,
699 1125 811 1222 prima
834 1125 921 1199 inter
938 1147 1048 1223 patres
1066 1129 1142 1224 ple-⁴

103 1265 105 1267 ’
156 1247 312 1344 bemque
354 1246 542 1321 certamina
571 1247 735 1320 exarsere.
802 1246 920 1321 Modb
948 1247 1140 1321 turbulenti

118 1391 120 1396 ’
158 1367 306 1458 tribuni,
329 1367 439 1441 modb
461 1365 614 1441 consules
641 1366 833 1464 praevalidi,
859 1373 893 1440 δι
917 1366 955 1440 in
979 1369 1079 1441 Urbe
1098 1392 1140 1441 ac

158 1487 235 1563 foro
251 1508 463 1563 tentamenta
478 1487 634 1562 civilium
654 1488 838 1562 bellorum.
888 1489 983 1561 Mox
999 1513 1019 1560 e
1038 1489 1140 1585 plebe

158 1609 291 1698 infimi,
324 1611 367 1682 C.
403 1608 553 1698 Marius,
590 1612 623 1681 bt
655 1607 828 1681 nobilium
862 1600 1060 1684 saeviffimus
1092 1613 1139 1683 L.

157 1732 262 1821 Sulla,
286 1730 415 1804 vidam
444 1730 547 1802 armis
576 1730 771 1803 libertatem
797 1729 833 1800 in
864 1729 1141 1804 dominationem
1282 1742 1284 1747 '

157 1871 343 1926 verterunt.
389 1851 471 1923 Post
488 1876 576 1949 quos
589 1852 656 1924 Cn.
669 1849 860 1946 Pompeius
872 1849 1054 1938 occultior,
1068 1876 1141 1924 non

20 2003 27 2009 ·
160 1971 292 2046 melior.
343 1974 389 2045 Et
415 1998 609 2069 numquam
635 1971 766 2068 postea,
793 1971 851 2044 nist
876 1973 922 2045 de
945 1969 1142 2069 principatu
1254 1995 1256 2000 ·

160 2095 351 2191 quaesrtum.
400 2094 487 2166 Non
512 2090 693 2166 discessere
716 2095 762 2165 ab
785 2091 888 2164 armis
914 2092 950 2197 in
973 2092 1144 2168 Pharsali&

158 2240 198 2288 ac
222 2213 394 2312 Philippis
419 2212 552 2287 civium
573 2212 750 2310 legiones3
775 2214 907 2286 nedum
923 2213 1076 2287 Othonis
1099 2240 1142 2290 ac

157 2334 287 2409 Vitellii
317 2333 491 2408 exercitus
518 2332 641 2431 sponte
670 2332 809 2431 posituri
822 2393 827 2400 .
840 2333 975 2407 bellum
1001 2331 1140 2407 fuerint,

159 2458 293 2530 Eadem
322 2450 401 2529 illos
428 2457 538 2529 delrm
566 2453 626 2544 ira,
650 2457 772 2529 eadem
800 2453 986 2527 hominum
1015 2453 1140 2543 rabies,

158 2579 290 2651 eadem
306 2576 471 2651 scelerum
489 2569 597 2650 causae
613 2575 650 2648 in
668 2575 874 2650 discordiam
890 2576 1006 2672 egere.
1033 2572 1142 2673 de

160 2697 299 2794 singulis
314 2697 558 2771 velut-idibus
582 2696 749 2771 transasla
772 2695 849 2770 sunt
872 2698 977 2785 bella,
1005 2695 1145 2794 ignavis

162 2816 364 2914 Principum
397 2816 527 2891 sosium
555 2817 614 2891 etr
664 2819 732 2891 Sed
758 2843 816 2891 me
842 2837 999 2890 veterum
1028 2834 1143 2890 novo⁴

161 2962 315 3035 rumque
338 2961 477 3010 morum
505 2938 675 3035 reputatio
700 2937 839 3035 longius
861 2936 959 3010 tulit:
983 2964 1078 3011 nunc
1094 2939 1142 3012 ad

161 3084 279 3134 rerum
295 3056 457 3130 ordinem
474 3058 588 3132 venio·
892 3136 900 3151 χ

210 3179 388 3254 xxxix.
414 3181 624 3254 Prorecro
643 3179 832 3254 Brixellum
853 3182 1007 3270 Othone,
1032 3182 1144 3255 honor

162 3299 297 3397 imperii
327 3324 433 3397 penes
461 3300 645 3374 Titianum
671 3299 826 3390 fratrem,
854 3299 908 3374 vis
933 3326 974 3374 ac
998 3300 1145 3397 potestas

165 3446 268 3518 penes
297 3421 503 3510 Proculum,
535 3419 751 3517 praeseslum.
810 3419 930 3493 Celsus
955 3425 989 3494 &
1014 3421 1146 3521 Paulli·

163 3566 240 3631 nus,
267 3541 350 3614 clun
376 3539 561 3637 prudentis
578 3565 701 3614 eorum
728 3565 834 3613 nemo
858 3561 1026 3631 uteretur,
1049 3539 1145 3615 inani

163 3660 303 3734 nomine
331 3662 479 3749 ducum,
513 3660 635 3734 alienae
663 3662 776 3758 culpae
810 3663 1115 3758 protendebantur
1131 3685 1163 3730 ε’

163 3779 293 3855 tribuni
311 3779 596 3880 centurionesque
611 3780 785 3880 ambigui,
805 3782 915 3881 qudd,
934 3780 1052 3882 spretis
1069 3801 1144 3851 me·
