2820 4694
250 363 324 454 264
482 365 524 438 C.
555 363 830 442 Coenum
862 369 1064 449 Tncrrs
1140 450 1143 457 ,

247 537 359 627 sudes,
378 539 494 636 gravia
509 538 603 630 saxa,
627 566 697 613 non
713 520 810 613 forte*
813 541 976 639 jaciebat.
1025 541 1102 617 Ubi
1123 541 1227 616 sonus

246 659 478 749 molientium,
503 681 562 732 aut
586 665 748 758 apposrtae
766 660 865 736 scalae
889 661 1025 736 hostem
1049 661 1086 736 in
1102 670 1225 737 manus
1342 686 1348 687 ⁷
1393 765 1398 775 .

120 825 121 828 ¹
241 781 422 869 dederant,
451 783 645 883 propellere
667 786 836 875 umbone,
860 783 932 881 pilo
956 783 1070 881 sequi:
1094 785 1224 858 multos

239 898 280 972 in
313 900 445 975 moenia
474 903 636 998 egreffos,
662 903 876 1001 pugionibus
903 903 1033 979 fodere.
1081 904 1136 980 Sic
1161 929 1224 978 ex·

244 1022 362 1094 haustal
379 1024 638 1111 nocimnovam
656 1022 768 1095 aciem
784 1023 858 1097 dies
870 1026 1014 1121 aperuit.

293 1144 415 1239 XXX.
443 1144 697 1215 Euuxurtnur
721 1145 840 1218 Batavi
864 1145 1000 1236 turrim,
1026 1145 1156 1244 duplici
1173 1136 1225 1219 ta·

242 1264 379 1352 bulato,
393 1289 501 1360 quam
515 1263 682 1361 praetoriae
696 1286 805 1362 portae
825 1265 872 1361 (is
890 1266 1098 1365 aequilsrmus
1109 1267 1222 1358 locus)

242 1384 555 1483 propinquantem,
586 1386 738 1483 promoti
762 1388 883 1461 contri
902 1386 1010 1459 validi
1036 1388 1167 1476 afferes,
1191 1390 1226 1459 δι

245 1505 383 1579 inculsae
415 1508 530 1608 trabes
571 1504 782 1603 perfregere,
818 1508 929 1581 multi
959 1506 1227 1604 superstantium

243 1626 407 1723 pernicie.
468 1628 741 1723 Pugnatumque
774 1626 810 1700 in
837 1624 1024 1723 perculsos,
1051 1625 1161 1699 subita
1191 1631 1226 1700 δι

168 1742 171 1746 ’
243 1746 402 1844 prosperi
427 1746 619 1843 eruptione.
668 1746 779 1819 Simul
795 1773 815 1819 a
833 1745 1027 1844 legionariis
1051 1745 1224 1843 peritii&
1325 1844 1327 1847 .

242 1886 313 1938 arte
329 1866 582 1963 ptaestantibus‚
609 1867 711 1962 plura
728 1865 955 1940 struebantur.
1000 1866 1224 1964 Praecipuum

240 2011 407 2086 pavorem
423 1985 536 2060 intulit
552 1984 748 2082 suspensum
766 1991 801 2058 δι
818 2008 945 2060 nutans
960 1987 1223 2063 machinamen-

243 2092 333 2197 tum,
352 2107 422 2205 qud
439 2107 578 2204 tepente
594 2105 739 2178 demilio
762 2127 885 2204 ptaeter
901 2103 1044 2179 suorum
1061 2132 1137 2198 ora,
1157 2112 1224 2181 fin·

241 2230 329 2328 guli,
354 2225 508 2326 pluresve
533 2226 685 2301 hostium
709 2224 855 2301 sublime
879 2226 982 2324 rapti,
1011 2224 1108 2299 verso
1133 2253 1223 2324 pon-

239 2352 327 2424 dere
354 2350 444 2422 intra
469 2347 575 2421 castra
607 2347 883 2422 effundebantur.
910 2345 1069 2437 ¹¹Ciuilis,
1100 2347 1224 2422 omissi

242 2469 473 2569 oppugnandi
497 2469 569 2566 spe,
592 2468 703 2542 rursus
720 2493 782 2565 per
799 2468 912 2542 otium
928 2468 1118 2557 adsidebat,
1134 2493 1223 2542 nun.

241 2589 344 2666 tiis&
363 2590 533 2688 promiffis
550 2591 657 2663 fidem
674 2589 854 2687 legionum
868 2591 1080 2664 convellens.

292 2714 432 2788 XXXI.
467 2701 570 2786 Hinc
599 2711 636 2784 in
661 2711 852 2784 Germanii
879 2730 960 2783 ante
988 2709 1226 2786 Cremonense

241 2833 409 2932 proelium
436 2832 545 2931 gesta3
572 2829 671 2928 cujus
695 2850 861 2905 eventum
886 2829 992 2904 literae
1018 2829 1129 2903 Primi
1147 2835 1224 2904 An·

240 2956 326 3028 tonii
343 2956 506 3041 docuere,
532 2952 652 3025 addito
669 2951 818 3058 Caecinae
836 2951 962 3025 edido.
1013 2953 1061 3025 Et
1084 2950 1225 3050 praefec-

136 3089 140 3111 '
222 3094 297 3153 tus
315 3074 465 3148 cohortis
481 3099 500 3146 e
522 3071 637 3168 vidis,
657 3074 1034 3171 Alpinus‘Montanus‚
1051 3069 1226 3147 fortunam

123 3278 125 3284 Ι
241 3184 399 3292 partium
423 3194 568 3292 praesens
597 3193 781 3268 fatebatur.
831 3195 964 3268 Diversi
990 3192 1075 3267 hinc·
1107 3212 1224 3267 motus

240 3313 452 3388 animorum.
503 3316 646 3391 Auxilia
663 3341 682 3388 e
698 3317 825 3405 Gallia,
844 3317 923 3413 quis
940 3339 1005 3390 nec
1027 3339 1139 3404 amor,
1157 3335 1224 3387 nec

239 3435 361 3510 odium
385 3435 422 3507 in
445 3457 570 3534 partes,
598 3436 721 3510 militia
744 3440 814 3510 stne
836 3435 976 3527 affeliu,
1007 3431 1224 3509 hortantibus

238 3553 419 3658 prefectis,
437 3556 550 3630 statim
568 3584 589 3631 a
605 3556 748 3632 Vitellio
764 3555 979 3659 desciscunt:
1007 3575 1105 3630 vetus
1122 3552 1224 3628 miles

237 3677 474 3755 cunetabamr.
523 3679 590 3755 Sed
603 3679 766 3776 adigente
782 3677 994 3754 Hordeonio
1009 3677 1151 3765 Flacco,
1168 3673 1224 3749 in·

152 3861 153 3864 ,
238 3798 407 3878 stantibus
423 3793 586 3887 tribunis,
604 3795 697 3872 dixit
718 3797 988 3891 sacramentum,
1013 3823 1086 3875 non
1103 3795 1222 3890 vultu,
