2844 4704
265 337 267 341 ’
323 350 758 423 ·H1sronrnnnu
790 351 900 423 Lrn.
934 312 981 424 ll.
1084 373 1150 447 105

174 543 322 622 utroque
340 513 593 619 immodicum)
613 524 791 599 laudantes
809 523 1060 623 gratantesque,
1086 526 1152 599 cir·

173 646 380 720 cumdatum
408 645 532 743 aquilis
560 643 742 744 signisque,
773 645 809 717 in
841 644 992 718 tribunal
1025 641 1151 720 serunt.

175 767 253 855 Ille,
269 763 347 838 utili
367 764 616 856 moderatione,
634 792 706 838 non
722 764 929 862 supplicium
950 762 1154 863 cujusquam

175 886 331 988 poposcit
350 922 359 966 ε
387 915 426 962 ac
445 914 489 961 ne
505 887 719 960 dissimulans
735 883 919 982 suspeclior
936 881 1039 974 soret,
1066 911 1151 982 pau·

173 1035 233 1086 cos
251 1012 441 1088 incusavit:
467 1034 594 1109 gnarus
621 1005 781 1082 civilibus
809 1005 907 1081 bellis
932 1006 1011 1103 plus
1032 1003 1151 1078 militi-

174 1133 252 1222 bus,
272 1136 380 1230 qnbm
398 1132 561 1219 ducibus,
586 1128 699 1201 licere.
779 1153 782 1157 ’
1206 1117 1218 1137 ”

171 1290 172 1293 “
222 1240 346 1327 XXX.
371 1255 667 1326 Mumnurrnus
700 1247 810 1322 castra
843 1248 938 1344 apud
969 1245 1150 1337 Ticinum,

172 1371 220 1444 de
246 1373 390 1446 adversa
415 1371 562 1446 Caecinae
575 1372 694 1466 pugna
718 1369 888 1457 adlatum,
913 1371 947 1440 δι
966 1368 1076 1465 prope
1097 1394 1149 1442 re·

173 1513 315 1566 novata·
332 1491 463 1580 seditio,
501 1498 727 1587 “tamquam
749 1486 869 1562 fraude
899 1491 932 1560 δι
960 1487 1151 1562 cunetatio-

175 1617 204 1652 “
220 1611 322 1684 nibus
339 1610 490 1684 Valentis
509 1609 634 1708 proelio
650 1606 869 1682 defuissent.''
909 1608 1017 1682 Nolle
1033 1600 1149 1708 requi·

171 1756 244 1821 em,
271 1757 343 1804 non
360 1713 556 1828 exspeelare
573 1731 717 1819 ducem,
745 1728 999 1825 anteiresrgna,
1029 1755 1151 1828 urgere

171 1850 373 1949 signiferos:
416 1851 540 1947 rapido
575 1850 720 1949 ‘agmine
757 1849 908 1922 Caecinae
942 1846 1149 1946 junguntur.

169 1968 387 2068 Improspera
398 1971 552 2076 Valentis
568 1972 662 2045 sama
682 1972 776 2068 apud
793 1969 984 2044 exercitum
1000 1971 1150 2048 caecinae

169 2112 269 2165 erat:
299 2094 514 2197 “expositos
542 2089 574 2164 se
591 2090 689 2166 tanto
707 2090 883 2187 pauciores
906 2090 1048 2188 integris
1071 2091 1148 2167 hos-

169 2211 302 2285 “tium
327 2195 483 2285 ¹viribus''
513 2213 759 2309 querebantur,
788 2212 886 2285 srmul
913 2209 1061 2284 insuam
1086 2237 1147 2285 ex·
1207 2312 1208 2315 Ἴ

168 2329 394 2420 cusationem,
414 2312 733 2405 &adventantium
763 2333 870 2404 robur
893 2356 954 2427 per
979 2329 1147 2404 adulatio-

167 2478 248 2536 nem
264 2455 473 2542 attollentes,
501 2477 544 2525 ne
567 2471 607 2525 ut
624 2451 708 2535 vicli
726 2458 759 2527 ὅτ
778 2450 896 2550 ignavi
912 2448 1148 2548 despectarem

167 2593 234 2647 tur.
286 2576 332 2647 Et
349 2599 566 2672 quamquam
594 2575 670 2671 plus
687 2572 829 2664 virium,
853 2571 961 2670 prope
986 2571 1146 2669 duplica·

168 2705 224 2765 tus
236 2694 415 2790 legionum
431 2694 714 2792 auxiliorumque
731 2718 895 2768 numerus
911 2713 980 2767 erat
992 2691 1145 2781 Valenti,

167 2812 279 2889 studia
307 2834 424 2885 tamen
457 2813 607 2887 militum
636 2814 674 2888 in
703 2813 883 2889 Caecinam
908 2811 1147 2900 inclinabant;

167 2931 270 3033 supet
299 2932 547 3030 benignitatem
574 2935 697 3024 animi,
724 2938 793 3033 qul
821 2929 1015 3032 promptior
1038 2936 1146 3009 habe-

167 3056 281 3143 batur,
318 3052 423 3126 etiam
447 3052 564 3152 vigore
591 3055 712 3145 aetatis,
749 3055 952 3152 proceritate
979 3054 1145 3152 corporis,

166 3178 201 3246 bc
221 3174 376 3270 quodam
389 3171 482 3246 inani
499 3173 627 3269 savoie.
679 3176 777 3250 Hinc
795 3175 970 3257 aemulatio
986 3175 1146 3249 ducibus.

165 3295 319 3384 Caecina,
348 3301 375 3336 “
393 3314 432 3367 ut
456 3292 606 3398 foedum
624 3301 657 3370 δι
675 3295 892 3371 maculosum
909 3298 944 3368 :”
964 3294 1035 3384 ille,
1063 3304 1090 3339 ‘⁶
1108 3319 1147 3370 ut

167 3423 194 3463 “
214 3442 345 3489 vanum
361 3441 402 3489 ae
421 3416 639 3507 tumidum,''
664 3416 870 3506 inridebant.
920 3413 987 3489 Sed
1003 3416 1147 3490 condito

165 3536 263 3628 odio,
291 3538 453 3612 eamdem
469 3536 653 3610 utilitatem
672 3537 804 3625 sovere,
830 3536 959 3611 crebris
976 3535 1144 3632 epistolis,

165 3658 234 3739 stne
261 3656 416 3763 respectu
431 3657 556 3750 veniae,
589 3659 717 3756 probra
738 3657 875 3733 Othoni
901 3655 1110 3758 objectantes
1130 3684 1140 3731 a
