2766 4658
593 102 599 132 Ι

352 334 984 444 H1sronrnnunL1an.
1090 390 1160 466 299

182 565 256 640 pars
289 561 410 614 monte
440 541 561 632 Graio,
598 544 839 616 traducuntur.
895 539 1165 638 Qartadecima

179 663 271 762 legio
298 689 318 736 e
344 662 532 752 Britannia,
568 661 662 736 sexta
683 689 724 736 ac
754 661 894 734 decima
919 686 965 733 ex
995 661 1165 758 Hispaniis

181 784 312 885 accitae.
364 784 478 882 Igitur
491 784 659 857 venientis
677 784 848 857 exercitlls
866 777 1021 871 sumlu&
1044 781 1170 879 suopte,

182 905 326 1004 ingenio
347 894 398 977 ad
410 905 544 977 mitiora
563 906 768 978 inclinantes
786 905 976 978 Galliarum
995 902 1162 994 civitates,

181 1028 215 1098 in
240 1030 374 1100 Remos
403 1030 610 1100 convenere.
660 1029 896 1099 Treverorum
932 1024 1059 1121 legatio
1092 1023 1192 1112 illic]

182 1148 438 1244 opperiebatur,
463 1148 630 1220 acerrimo
648 1147 845 1219 instinelore
862 1146 942 1218 belli
955 1146 1075 1218 Tullio
1093 1148 1162 1219 Va·

182 1268 325 1340 lentino.
375 1270 407 1340 Is
442 1267 807 1364 meditataoraione,
849 1268 986 1357 cundo,
1028 1267 1165 1364 magnis

183 1386 337 1484 imperiis
366 1388 527 1487 objeslari
555 1388 665 1477 solita,
692 1386 985 1485 contumeliasque
1016 1392 1049 1460 δι
1072 1387 1163 1460 invi-

182 1506 277 1580 diam
303 1509 339 1580 in
380 1511 552 1607 populum
590 1512 795 1582 Romanum
822 1508 970 1593 effudit3
1006 1508 1165 1583 turbidus

182 1625 364 1701 miscendis
381 1627 621 1719 seditionibus,
641 1634 674 1702 δι
693 1627 861 1729 plerisque
884 1650 1002 1727 gratus
1020 1629 1162 1703 vecordi

180 1745 350 1822 facundis.
786 1821 789 1833 ,

227 1872 367 1945 LXIX.
394 1876 454 1944 Ατ
486 1869 598 1966 Julius
628 1870 784 1969 Auspex,
814 1895 834 1942 e
860 1871 1064 1968 primoribus
1090 1876 1163 1946 Re·

180 2018 335 2080 morum,
362 1991 480 2064 “vim
507 1995 722 2081 Romanam,
755 1989 916 2089 pacisque
950 1996 1065 2065 bona”
1097 1991 1165 2066 dis·

178 2111 318 2202 sertans,
348 2117 381 2185 &
412 2122 438 2155 “
458 2110 544 2184 sumi
564 2114 697 2185 bellum
714 2112 817 2184 etiam
844 2115 889 2185 ab
913 2113 1060 2210 ignavis,
1078 2114 1162 2187 stre-

179 2238 206 2275 “
225 2233 372 2306 nuiffimi
402 2218 566 2329 cujusque
597 2233 754 2330 periculo
782 2231 868 2329 geri,
892 2230 1039 2330 jamque
1062 2233 1163 2331 super

180 2362 207 2397 ‘⁴
228 2377 331 2450 caput
350 2352 544 2450 legiones,’'
569 2351 851 2450 sapientissimum
867 2378 1050 2451 quemque
1066 2379 1161 2426 reve·
1200 2420 1202 2426 s

179 2473 286 2546 renti&
317 2474 469 2568 fideque,
491 2470 645 2568 juniores
670 2473 826 2573 periculo
854 2499 894 2547 ac
923 2496 1019 2547 metu
1046 2474 1160 2547 conti-

178 2594 263 2664 nuit.
316 2594 362 2664 Et
386 2593 562 2666 Valentini
578 2595 736 2668 animum
761 2596 961 2685 laudabant,
979 2595 1162 2669 consilium
1188 2688 1190 2691 v

180 2709 340 2808 Auspicis
367 2712 608 2809 sequebantur.
659 2715 805 2788 Constat
822 2716 983 2790 obstitisse
999 2717 1165 2790 Treveris

179 2813 470 2930 Lingonibusque
488 2835 582 2931 apud
601 2834 744 2925 Gallias,
773 2837 883 2933 quod,
902 2837 1059 2911 Vindicis
1082 2864 1161 2912 mo·

135 3022 139 3025 ,
182 2973 235 3042 tu,
266 2979 348 3026 cum
366 2954 536 3053 Verginio
564 2954 734 3028 steterant.
786 2957 964 3032 Deterruit
983 2944 1169 3058 plerosque

180 3073 437 3171 provinciarum
466 3076 665 3149 aemulatio:
704 3083 731 3119 “
763 3062 860 3176 quod
899 3082 992 3153 bello
1024 3085 1159 3177 caput?

179 3196 319 3268 “unde
352 3193 410 3293 jus
449 3195 712 3296 auspiciumque
746 3203 944 3295 peteretur?
984 3226 1103 3297 quam,
1138 3206 1163 3275 st

177 3324 204 3359 “
224 3318 350 3390 cunda
366 3317 610 3414 provenissent,
645 3319 761 3393 sedern
779 3320 924 3416 imperio
953 3321 1105 3418 legerent
1122 3325 1162 3396 ?”

177 3438 352 3511 Nondum
379 3438 538 3526 victoria,
562 3438 637 3537 jam
664 3438 832 3512 discordia
861 3460 955 3512 erat:
987 3441 1062 3515 aliis
1090 3443 1159 3516 foe-

175 3558 270 3647 dera,
300 3558 508 3656 quibusdam
541 3586 624 3657 opes
660 3557 831 3658 viresque,
866 3583 925 3634 aut
958 3565 1159 3638 vetustatem

62 3703 70 3713 ’
176 3678 330 3776 originis,
369 3706 430 3778 per
455 3679 573 3780 jurgia
598 3679 821 3780 jaelantibus.
872 3684 997 3757 Taedio
1024 3685 1163 3757 futuro·'

98 3806 104 3810 ’
176 3824 268 3889 rum,
292 3799 470 3898 prasentia
495 3804 665 3900 placudre.
705 3803 908 3881 Scribuntur
924 3809 967 3880 ad
986 3808 1159 3878 Treveros
