2820 4694
347 337 981 420 Hisioiiiiuutiiuif.
1078 364 1147 442 279

54 584 98 621 ⁴.
177 517 296 593 timori
323 520 468 593 obviam
496 518 566 591 iret.
633 512 800 614 Namque
838 520 872 589 δι
906 515 1013 606 =nidor
1045 541 1143 589 exer·

171 640 259 714 citus
276 641 427 713 clamore
444 639 598 712 lacrimas
614 663 738 709 eorum
752 634 906 732 juvabat.
951 633 1051 731 lsque
1069 636 1146 708 finis

170 760 227 834 illil
244 761 311 834 die.
361 760 484 832 Paucis
504 757 579 855 post
594 756 732 844 diebus,
757 757 1003 851 adloquentem
1021 753 1146 826 Domi·

170 880 304 954 tianum
331 880 458 953 firmati
480 876 554 975 jani
583 879 763 973 excepsre.
814 878 986 972 Spernunt
1014 875 1149 946 oblatos

170 1026 296 1099 agros3
328 1007 355 1042 “
382 999 540 1072 militiam
570 1004 603 1071 ἃ
633 996 825 1093 stipendia''
859 1015 969 1067 oraiit.
1028 997 1149 1067 Preces

173 1141 284 1210 erant,
311 1119 368 1192 sed
386 1120 513 1215 quibus
533 1117 719 1190 contradici
735 1142 804 1190 non
824 1117 957 1213 posset:
989 1114 1094 1214 igitur
1111 1115 1148 1187 iii

174 1239 376 1336 praetorium
404 1238 547 1334 accepti.
597 1239 704 1326 Dein,
736 1237 864 1334 quibus
892 1254 972 1309 aetas
1002 1235 1148 1333 &justa

174 1357 356 1455 stipendia,
395 1359 518 1430 dimilli
543 1385 624 1431 cum
648 1360 790 1445 honore,
825 1356 880 1429 alii
910 1359 956 1429 ob
982 1356 1121 1453 culpam
1135 1382 1147 1442 ς

91 1508 95 1513 ·
172 1476 230 1551 sed
258 1478 419 1574 carptim,
444 1505 484 1552 ac
511 1478 661 1576 singuli:
690 1504 762 1574 quo
791 1476 955 1550 tutissimo
981 1477 1148 1568 remedi0,

174 1597 353 1703 consensus
370 1599 602 1672 multitudinis
621 1618 834 1671 extenuatur.

221 1719 372 1794 XLVll.
398 1719 594 1791 Caranum
621 1720 747 1792 verdne
766 1718 941 1815 pauperie,
959 1744 1002 1790 an
1021 1720 1072 1792 utl
1096 1714 1148 1790 viss

172 1841 323 1929 deretur,
347 1841 464 1911 aslum
490 1839 527 1911 in
548 1836 679 1928 senatu,
707 1846 733 1881 “
759 1860 797 1911 ut
821 1837 1006 1912 sexcenties
1031 1836 1148 1911 sester-

175 1967 202 2003 “
221 1960 309 2051 tiliiri
335 1986 356 2032 a
372 1959 511 2057 privatis
530 1981 691 2032 mutuum
709 1958 955 2056 acciperetut.'’
1005 1962 1146 2055 Praepo·

174 2079 319 2179 fitusque
347 2081 379 2152 ei
408 2106 498 2153 curae
523 2079 710 2175 Pompeius
737 2080 918 2152 Silvanus:
950 2105 1014 2153 nec
1038 2077 1150 2153 multo

173 2201 247 2298 post
262 2204 432 2275 necessitas
447 2201 546 2287 abiit,
578 2204 646 2272 sive
664 2199 785 2271 omissa
802 2197 981 2271 simulatio.
1031 2202 1149 2274 Abro-

175 2322 246 2418 gati
275 2321 369 2407 inde,
398 2322 513 2418 legem
544 2318 672 2393 ferente
696 2318 914 2406 Domitiano,
944 2316 1150 2407 consulatus,

176 2465 263 2536 quos
275 2440 434 2513 Vitellius
451 2441 603 2512 dederat.
654 2442 683 2512 F
685 2439 841 2536 unusque
864 2435 1055 2512 censorium
1072 2440 1101 2510 F
1103 2439 1150 2511 la·

176 2559 236 2631 vio
253 2559 381 2633 Sabino
397 2560 569 2633 ductum:
601 2587 727 2659 magna
750 2562 963 2634 documenta
986 2556 1149 2632 instabilis

178 2676 340 2766 sortunae,
370 2680 624 2777 summaque&
644 2683 714 2753 ima
731 2678 911 2754 miscentis.

226 2797 394 2870 XLVllI.
420 2802 493 2872 Sus
514 2800 607 2873 idem
625 2805 763 2896 tempus
777 2803 822 2873 L.
838 2800 928 2889 Piso,
953 2798 1147 2898 proconsul,

177 2916 399 2990 interficitur:
426 2922 465 2991 es
481 2920 525 2990 de
537 2919 632 2992 caede
645 2920 750 3016 quarn
765 2902 934 2993 serissime
951 2903 1152 3017 expediam,

177 3042 200 3112 si
223 3063 333 3134 pauca
360 3036 459 3134 supra
485 3039 627 3134 petiero,
657 3041 702 3112 ab
725 3039 822 3111 initio
843 3037 1015 3137 causisque
1031 3040 1153 3112 talium

177 3157 371 3232 facinorum
388 3183 460 3229 iioii
484 3157 639 3232 absurda.
689 3159 805 3257 Legio
819 3158 856 3231 iii
874 3158 995 3232 Africa
1011 3161 1154 3233 auxilia·

131 3297 138 3323 “
178 3305 261 3376 que,
288 3276 439 3350 tutandis
468 3276 603 3373 imperii
633 3279 773 3368 finibus,
800 3278 863 3351 sub
884 3278 968 3349 divo
992 3280 1153 3377 Augusto

177 3397 393 3495 Tiberioque
412 3396 642 3493 Principibus,
658 3395 850 3493 proconsuli
865 3399 1038 3491 parebant.
1061 3402 1156 3473 Mox

178 3519 282 3593 Caius
293 3518 418 3608 Caesar,
437 3516 596 3590 turbidus
614 3515 734 3603 animi,
746 3541 784 3589 ac
803 3520 859 3589 M.
876 3518 1041 3608 Silanum,
1061 3519 1152 3592 obti-

179 3659 317 3712 nentem
330 3637 498 3728 Africam,
511 3655 680 3723 metuens,
695 3637 841 3710 ablatam
856 3637 1048 3734 proconsuli
1060 3635 1166 3732 legio·

139 3784 149 3794 ⁸
179 3781 275 3849 nem,
289 3759 387 3834 millo
400 3759 434 3833 iii
450 3783 528 3833 cam
541 3762 615 3832 rem
626 3758 741 3854 legato
753 3758 904 3832 tradidit:
919 3778 1071 3857 aequatus
1082 3754 1169 3828 inter
1205 3744 1207 3749 ¹

670 3878 706 3950 T
729 3906 754 3970 4
