2820 4694
240 370 309 444 232
396 344 1099 442 C.Connnr11Tncrnr,&c.

287 521 496 599 LXXXVI.
521 524 656 596 Panna
681 522 730 597 illi
754 527 800 598 L.
826 522 1006 597 Vitellius:
1034 523 1222 624 septimum
1306 599 1312 604 .

211 635 218 655 ¹
240 641 619 740 &quinquagesimum
635 643 745 719 aetatis
766 671 900 720 annum
923 647 1111 743 explebat:
1136 673 1222 721 con·

238 760 403 853 sulatum,
427 763 628 854 sacerdotia,
657 791 788 840 nomen
820 768 1010 865 locumque
1032 766 1122 841 inter
1151 766 1222 866 pri-

238 909 367 973 mores,
398 885 494 958 nulla
518 885 576 958 sua
592 875 774 977 industria,
802 884 862 968 sed
885 890 1012 962 cuncta
1028 888 1133 987 patris
1150 890 1222 962 cla-

164 1032 169 1058 2
219 1005 391 1111 titudine
420 1006 579 1104 adeptus.
632 1005 871 1105 Principatum
897 1007 929 1082 ei
959 1011 1127 1100 detulere,
1159 1008 1222 1107 qui

198 1216 201 1223 Ι
240 1124 353 1225 ipsum
380 1153 452 1200 non
481 1148 661 1200 noverant.
712 1128 833 1204 Studia
857 1128 1025 1206 exercitlls
1050 1130 1124 1204 rarb
1149 1129 1222 1204 cui·
1254 1193 1257 1201 .

162 1305 165 1311 .
241 1273 364 1346 quarn,
408 1247 509 1323 bonis
542 1248 675 1323 artibus
703 1253 858 1350 quasue,
897 1249 1041 1348 perinde
1070 1249 1224 1342 adfuere,

241 1369 350 1467 quarn
374 1368 458 1445 huic
485 1394 548 1466 per
570 1369 759 1474 ignaviam,
810 1373 926 1448 Inerat
955 1391 1072 1445 tamen
1097 1372 1227 1469 simpli·

238 1491 321 1565 citas
338 1516 379 1564 ac
404 1490 588 1567 liberalitas
602 1519 613 1575 3
625 1561 628 1570 ,
641 1516 734 1587 quae,
766 1490 801 1565 ni
820 1492 906 1563 adsit
924 1493 1066 1579 modus,
1098 1491 1135 1564 in
1153 1491 1226 1565 exi-

240 1614 331 1685 tium
359 1631 553 1686 vertuntur.
619 1609 818 1699 Amicitias,
858 1610 946 1683 dtun
979 1611 1228 1708 magnitudine

239 1755 440 1821 munerum,
466 1757 537 1805 non
554 1728 742 1804 constantii
760 1754 902 1807 morum
917 1729 1092 1804 continere
1109 1753 1224 1828 putat,

121 1852 125 1867 '
239 1853 365 1926 meruit
397 1853 523 1951 magis,
558 1852 668 1949 quim
695 1850 830 1925 habuit.
882 1849 1104 1947 Reipublicae
1131 1853 1226 1925 haud

239 1971 346 2047 dubie
359 1971 532 2061 intererat,
544 1970 726 2046 Vitellium
743 1969 861 2045 vinci:
880 1970 939 2044 sed
955 1967 1130 2068 imputare
1149 1998 1228 2068 per·

240 2093 363 2167 fidiam
379 2106 451 2167 non
470 2094 620 2189 poliunt,
630 2093 707 2190 =qui
723 2092 906 2166 Vitellium
923 2090 1129 2189 Vespasiano
1146 2119 1223 2190 pro·

241 2216 377 2305 didere,
402 2215 487 2287 curn
515 2238 536 2287 a
561 2215 676 2288 Galba
705 2211 933 2294 desciviffcnt.
983 2213 1155 2311 Praecipiti
1187 2215 1226 2291 iu

242 2333 404 2410 occasum
432 2335 502 2423 die,
532 2337 580 2407 ob
606 2359 776 2431 pavorem
798 2334 1065 2432 magistratuum
1092 2334 1226 2413 senato·

241 2482 405 2556 rumque,
429 2455 491 2553 qui
513 2455 635 2552 dilapsi
658 2480 704 2528 ex
719 2457 836 2546 Urbe,
862 2477 921 2529 aut
938 2482 1000 2553 per
1022 2458 1148 2533 domos
1162 2459 1227 2533 cli·
1277 2530 1280 2536 s

242 2578 378 2651 entium
393 2576 503 2651 semet
518 2579 755 2669 occultabant,
781 2575 898 2650 vocari
915 2576 1047 2651 senatus
1070 2603 1142 2651 non
1161 2605 1226 2678 po-

241 2699 322 2773 tuit.
371 2698 629 2787 Domitianum,
645 2689 833 2796 postquarn
849 2696 934 2809 nihil
950 2696 1074 2773 hostile
1092 2720 1228 2775 metue·

153 2816 155 2821 ’
242 2820 359 2910 batur,
388 2820 434 2893 ad
459 2820 564 2897 duces
589 2818 738 2916 partium
764 2819 994 2917 progrellum,
1019 2824 1052 2892 az
1079 2818 1229 2914 Caesarem

241 2940 508 3048 ¹consalutatum,
526 2941 626 3015 miles
641 2938 817 3037 frequens,
836 2959 946 3047 utque
961 2959 1033 3023 erat
1048 2939 1085 3026 in
1106 2941 1227 3043 armis,

242 3059 283 3132 in
300 3081 618 3162 paternospenates
634 3059 794 3141 deduxit,
