2806 4694
276 426 279 433 ,
339 346 748 427 Htsrontnnuu
781 348 966 431 Lrn.II.
1033 430 1040 439 ,
1100 373 1146 448 93

168 522 280 604 Fabio
309 521 447 595 Valenti
477 521 604 621 trepidi
626 521 737 595 nuntii
772 523 930 595 attulbre.
991 523 1149 599 Aderant

168 643 275 743 legati
292 643 523 734 coloniarum,
552 641 725 717 auxilium
741 663 885 717 orantes.
935 626 1032 716 Duas¹
1048 644 1147 715 Tun·

169 792 315 864 grorum
339 767 511 855 cohortes,
542 784 694 863 quatuor
720 762 881 862 equitum
904 784 1049 854 turmas,
1071 765 1150 838 uni.-

169 884 300 963 versam
317 889 552 970 Treverorum
569 887 674 973 alam,
692 910 774 958 cunt
790 884 886 979 Julio
899 887 1047 974 clasfic0,
1063 912 1150 981 prae÷

170 1004 275 1096 fecto,
294 1007 406 1085 misit:
437 1004 602 1104 equibus
620 1031 698 1106 pars
715 1005 751 1077 in
773 1006 910 1078 coloni&
926 1004 1152 1103 Forojuhenn

168 1148 312 1217 retenta,
336 1154 393 1219 ne,
417 1127 582 1201 omnibus
599 1126 708 1222 copiis
726 1124 760 1197 in
777 1124 930 1203 terrestre
946 1125 1010 1198 iter
1034 1131 1149 1215 versis,

170 1273 283 1326 vacuo
312 1249 398 1321 mari
424 1251 532 1322 claffis
559 1249 776 1321 adceleratet.
827 1246 1026 1319 Duodecim
1051 1247 1152 1344 equi·

172 1389 250 1442 tum
266 1389 406 1457 turmae,
424 1372 457 1440 δι
477 1366 555 1440 lecti
571 1392 590 1439 e
605 1365 817 1456 cohortibus,
836 1367 1000 1439 adversus
1016 1366 1153 1449 hostem

173 1487 267 1577 iere:
291 1488 416 1585 quibus
432 1485 592 1585 adjuncta
608 1487 788 1585 Ligurum
812 1484 950 1575 cohors,
968 1506 1067 1560 vetus
1085 1487 1153 1560 loci

171 1608 357 1697 auxilium,
392 1612 426 1680 ἃ
468 1607 649 1705 quingenti
666 1607 853 1682 'Pannonii
898 1609 1057 1682 nondum
1091 1607 1153 1682 sub
1261 1609 1262 1612 ’

172 1728 284 1828 fignis.
336 1730 414 1807 Nec
436 1754 536 1808 mota
553 1727 698 1825 ptoelioz
729 1727 787 1800 sed
804 1727 878 1802 acie
904 1727 950 1801 ita
973 1728 1149 1818 instrunt,

171 1870 210 1925 ut
227 1874 303 1945 pars
319 1851 550 1936 clafftcorum,
574 1848 692 1922 mixtis
709 1848 863 1947 paganis,
890 1849 925 1924 in
944 1852 1048 1923 colles
1066 1848 1152 1925 mari

173 1969 391 2068 propinquos
419 1969 631 2068 exsurgeret,
662 1991 832 2067 quantum
861 1971 950 2044 inter
978 1972 1083 2045 colles
1112 1996 1152 2044 ac

172 2089 254 2163 litus
288 2089 378 2188 aequi
406 2091 491 2181 loci,
526 2089 753 2189 praetorianus
786 2091 885 2166 miles
918 2095 1086 2190 expleret,
1117 2090 1160 2171 in

170 2209 242 2308 ipso
257 2211 343 2294 mari
360 2232 397 2286 ut
412 2213 552 2295 adnexa
577 2213 684 2293 classis
709 2215 741 2293 δι
767 2238 894 2310 pugnae
913 2234 1043 2310 parata,
1070 2238 1152 2285 con-

170 2334 281 2435 versi,
312 2337 347 2405 &
377 2331 506 2406 minaci
529 2329 643 2407 fronte
668 2335 947 2430 praetenderetur.
997 2331 1152 2406 Vitellia·

171 2450 222 2542 ni,
249 2452 377 2551 quibus
405 2452 521 2537 minor
548 2451 706 2548 peditum
733 2453 798 2543 vis,
825 2454 861 2527 in
886 2451 1002 2551 equite
1029 2455 1151 2544 robur,

172 2574 323 2671 Alpinos
342 2572 512 2671 proximis
527 2571 637 2672 jugis,
665 2575 822 2654 cohortes
844 2575 955 2649 denfis
976 2573 1153 2650 ordinibus

174 2693 251 2798 post
273 2694 441 2790 equitem,
456 2695 585 2771 locant.
637 2696 874 2770 Treverorum
904 2718 1026 2772 turmae
1050 2698 1154 2779 obtu-

174 2814 246 2897 lere
273 2812 307 2887 se
326 2811 416 2887 hosti
441 2814 589 2904 incaute,
617 2815 699 2889 cbm
721 2817 897 2913 exciperet
920 2819 1042 2907 contri
1059 2837 1153 2891 vete-

173 2958 286 3042 ranus
308 2933 421 3027 miles,
449 2936 587 3031 stmulla
609 2937 713 3020 latere
730 2934 818 3010 saxis
842 2958 980 3034 urgeret
1004 2958 1086 3034 apta
1110 2939 1154 3010 ad

166 3052 371 3152 jaciendum
395 3054 498 3128 etiam
532 3082 749 3156 paganorum
777 3083 924 3132 manus:
967 3058 1029 3156 qui
1055 3056 1155 3155 sparsi

173 3173 262 3256 inter
288 3174 427 3266 milites,
456 3175 581 3251 strenui
609 3176 800 3275 ignavique
828 3177 862 3256 in
886 3177 1030 3251 victori&
1059 3177 1155 3251 idem

66 3282 76 3296 ⁹
172 3295 357 3382 audebant.
417 3297 574 3371 Additus
608 3301 766 3394 perculsrs
799 3319 919 3387 terror,
954 3298 1090 3372 invecti
1117 3299 1153 3370 in

171 3436 270 3515 terga
302 3418 537 3517 pugnantium
571 3421 682 3496 claffe.
745 3421 799 3499 Ita
838 3418 995 3515 undique
1027 3420 1152 3493 clausi:

171 3538 365 3638 deletaeque
386 3566 509 3615 omnes
525 3539 636 3638 copiae
658 3538 786 3629 forent,
814 3537 849 3612 ni
865 3538 1032 3612 victorem
1055 3565 1153 3612 exer-¹

173 3655 283 3738 citum
308 3659 497 3745 attinuiss'et
521 3658 706 3746 obscurum
730 3657 855 3750 noctis,
880 3659 1039 3734 obtentui
1061 3657 1153 3755 fugi·

173 3778 320 3871 entibus,
