2820 4694
260 335 357 408 218»
461 335 1054 448 C3CottuunttTac1rt

259 533 408 605 quorum
425 508 568 587 nomina
585 512 715 585 tradere
733 511 827 587 haud
846 517 1049 608 promptum
1066 509 1129 599 est,
1148 532 1238 607 quo·-

258 628 351 703 niam
381 628 510 703 vielote
534 629 749 728 vespafiam,
780 631 881 707 multi
910 631 948 708 id
971 630 1132 704 metitum
1158 654 1241 727 erga

258 766 367 844 partes
397 751 608 827 fimulavdre.
657 752 839 829 Subiertmt
863 750 1036 829 obfidium
1064 750 1169 831 etiam
1191 747 1239 821 fe-

178 928 180 933 .
214 886 216 892 ⁸
257 867 360 941 minae
378 867 464 942 inter
481 895 567 965 quas
597 870 750 944 maxime
774 872 929 970 insignis,
958 873 1133 946 Verulana
1150 872 1237 949 Gra.-

255 987 346 1077 cilia,
365 1014 480 1086 neque
495 988 633 1078 liberos,
652 1016 765 1088 neque
784 992 1011 1089 propinquos,
1028 989 1085 1068 sed
1104 993 1238 1065 bellum
1266 1004 1271 1013 '

255 1106 378 1182 secuta.
429 1108 632 1186 Vitellianus
649 1110 760 1200 miles,
785 1111 938 1184 custodia
955 1111 1089 1186 socordi
1106 1111 1238 1189 clausos

255 1229 500 1318 circumdedit,
524 1230 651 1329 ebque,
681 1231 852 1305 concubia
871 1235 986 1321 nolte,
1011 1232 1088 1306 suos
1112 1233 1240 1309 liberos

254 1349 414 1450 Sabinus,
445 1355 478 1422 δι
508 1351 750 1424 Domitianum
779 1350 891 1425 fratris
924 1352 1051 1443 filium,
1076 1353 1113 1427 in
1135 1352 1241 1449 Capi-

255 1470 381 1549 tolium
414 1469 552 1561 accivit,
587 1471 689 1545 millo
714 1498 776 1570 pet
799 1473 957 1572 negledla
983 1475 1029 1548 ad
1057 1472 1240 1550 Flavianos

254 1593 361 1668 duces
386 1589 523 1679 nuntie,
544 1590 605 1688 qui
623 1599 650 1633 “
666 1592 896 1667 circumfideri
912 1592 1015 1692 ipsos,
1035 1600 1083 1682 ar,
1109 1595 1144 1667 ni
1160 1595 1239 1668 sub·

257 1720 283 1754 “
302 1711 488 1801 veniretur,
514 1714 624 1787 aretas
649 1715 725 1786 tes'’
749 1714 929 1788 nuntiaret.
979 1715 1131 1792 Nouem
1148 1713 1236 1790 adei>

255 1833 410 1930 quietam
428 1833 514 1929 egit,
534 1853 571 1905 ut
588 1835 732 1932 degredi
750 1838 819 1909 fine
836 1841 929 1909 nortl
945 1834 1112 1933 potuerit:
1133 1835 1236 1933 quip-

255 1979 299 2052 pe
316 1953 416 2028 miles
432 1952 562 2026 Vitellii
580 1954 743 2029 adversus
761 1956 912 2052 pericula
930 1956 1042 2046 ferox,
1063 1955 1237 2030 laboribus

254 2079 288 2149 δι
304 2073 429 2174 vigiliis
448 2099 567 2170 parum
585 2073 736 2148 intentus
759 2096 855 2150 etat:
886 2081 919 2150 δι
941 2077 1103 2150 hibernus
1120 2077 1233 2150 imber

253 2195 395 2294 repenti:
413 2193 518 2283 fusus,
533 2196 654 2268 oculos
670 2194 833 2291 auresque
848 2195 1071 2292 impediebat.

303 2319 425 2393 LXX.
453 2317 565 2389 Luca
593 2315 716 2412 primal,
747 2314 905 2404 Sabinus,
936 2337 1121 2414 antequam
1145 2316 1234 2392 invi-

222 2516 224 2525 ,
252 2426 330 2512 cem
354 2436 490 2516 hostilia
511 2457 716 2534 coaptarent,
745 2437 949 2510 Cornelium
971 2436 1184 2527 Martialem,
1217 2461 1237 2512 e

253 2557 539 2657 primipilaribus,
566 2558 611 2633 ad
634 2556 818 2630 Vitellium
846 2557 948 2648 mistt‚
982 2563 1008 2600 “
1028 2584 1109 2662 cum
1135 2582 1234 2630 man·

254 2687 283 2731 “
303 2680 389 2752 datis
406 2683 440 2752 8:
459 2678 595 2777 questu,
611 2677 708 2775 qubd
727 2680 828 2774 padla
845 2680 1072 2751 turbarentur.
1120 2671 1236 2751 Simu·

253 2801 462 2874 “lationem
482 2797 617 2897 prorsus
645 2802 678 2871 &
699 2798 892 2898 imaginem
908 2797 1107 2895 deponendi
1125 2797 1236 2895 irnpe-

249 2925 290 2980 '“-
300 2922 342 2996 rii
376 2920 487 3009 fuitse,
522 2919 567 2992 ad
602 2918 827 3015 decipiendos
860 2939 910 2992 tot
944 2918 1102 2994 inlustres
1133 2917 1234 2992 viros.

255 3050 282 3084 “
302 3044 375 3114 Cur
391 3042 482 3115 enim
503 3066 522 3114 e
545 3037 659 3113 rostris
676 3038 790 3114 fratris
807 3041 969 3129 domum,
993 3038 1236 3118 imminentem

251 3160 388 3251 f‘foro,
433 3166 466 3235 δι
503 3158 684 3233 inritandis
718 3159 905 3236 hominum
947 3149 1094 3249 oculis,‘
1124 3160 1233 3258 quam

253 3292 280 3326 “
301 3282 518 3356 Aventinum
543 3285 576 3354 ἃ
595 3298 734 3377 penates
751 3279 870 3352 uxoris
886 3280 1043 3377 petillet?
1096 3283 1147 3354 Ita
1163 3277 1232 3376 pri·

253 3409 282 3444 “
300 3414 396 3491 vato,
436 3405 469 3474 δι
499 3426 644 3478 onmem
678 3398 892 3497 principattls
920 3400 1069 3498 speeiem
1096 3397 1233 3489 vitanti,

253 3530 284 3569 “
301 3521 522 3594 convenille:
566 3521 703 3610 contra,
746 3521 929 3594 Vitellium
971 3521 1007 3594 in
1049 3519 1232 3619 palatium,

252 3641 333 3718 “in
362 3639 470 3738 ipsam
500 3639 638 3733 imperii
668 3665 784 3714 artem
814 3642 1014 3739 regteffum.
1065 3641 1153 3714 Inde
1178 3664 1234 3712 ar·

253 3775 280 3821 “
298 3783 431 3848 matum
459 3783 586 3862 agmen
616 3761 797 3847 emillum3
826 3761 966 3836 stratam
989 3759 1234 3841 innocentium
