2844 4704
342 357 740 445 Htsron‘rnttunt
783 355 965 435 Ltull.
1098 374 1165 460 115

194 538 305 618 Vbrus
335 516 518 641 Alphenus
546 567 629 638 cum
656 539 805 628 Batavis,
834 537 909 611 sussr
935 534 1167 635 gladiatorum

192 688 313 755 manu,
345 690 453 762 quam
478 664 626 737 navibus
643 659 882 747 transveslarn,
904 659 1078 753 ,opposrtae
1107 681 1166 729 eo·

196 786 310 857 hortes
326 784 362 856 in
378 782 452 880 ipso
470 783 617 863 flumine
634 781 899 853 trucidaverant.
958 779 1011 848 lta
1022 775 1170 848 victores

198 906 285 976 latus
303 903 454 976 hostium
471 902 610 974 investi.

241 1025 375 1106 XLIV.
402 1025 458 1095 Er
479 1021 595 1094 medis
618 1019 690 1092 acie
708 1019 881 1115 perruptd,
907 1016 1027 1115 sugsre
1050 1018 1169 1113 pallim

192 1143 396 1232 Othoniani,
430 1141 634 1214 Bebriacum
668 1159 830 1236 petentes.
889 1130 1101 1210 Immensum
1133 1138 1172 1208 id

195 1260 369 1359 spatium:
411 1261 594 1334 obstrudae
617 1258 729 1355 strage
758 1282 944 1352 corporum
973 1257 1062 1329 viae:
1100 1255 1172 1353 qud

198 1382 275 1477 plus
288 1379 394 1453 caedis
411 1378 497 1452 suit:
527 1404 639 1475 neque
657 1377 749 1451 enirn
767 1367 926 1450 civilibus
942 1377 1053 1465 bellis,
1080 1375 1173 1473 capti

198 1499 234 1570 in
269 1500 422 1595 praedam
452 1519 640 1573 vertuntur.
699 1498 881 1570 Suetonius
913 1497 1103 1587 Patsllinus,
1138 1499 1174 1567 ὅτ

200 1617 356 1691 Licinius
379 1620 560 1708 Proculus,
586 1618 726 1690 diversrs
743 1617 935 1704 itineribus,
965 1615 1071 1688 castra
1086 1615 1172 1688 vita-

196 1740 287 1811 vere.
336 1738 490 1812 Vedium
521 1739 705 1836 Aquilam,
743 1736 997 1809 tertiaedecimae
1027 1736 1174 1833 legionis

97 1956 102 1961 ἣ
197 1859 368 1956 legatum,
404 1858 460 1931 irae
487 1858 638 1931 militum
666 1857 877 1929 inconsultus
907 1881 1016 1952 pavor
1037 1855 1174 1929 obtulit.

198 1979 320 2050 Multo
340 1978 454 2051 adhuc
471 1978 528 2050 die
555 1979 690 2050 vallum
706 1977 886 2073 ingressus,
919 1978 1066 2049 clamore
1087 1974 1174 2049 sedi-

201 2097 364 2171 tiosorum
389 2097 628 2196 &fugacium
655 2095 967 2192 circumstrepunt:
999 2121 1072 2168 non
1095 2121 1176 2193 pro-¹

200 2217 280 2307 bris,
310 2243 381 2290 non
407 2219 569 2290 manibus
593 2215 789 2289 abstinent:
818 2215 1071 2317 “desertorem
1095 2240 1175 2312 pro-·

203 2345 232 2381 “
251 2337 495 2434 ditoremque’'
513 2338 716 2433 increpant3
751 2335 848 2409 nullo
871 2333 1012 2431 proprio
1034 2334 1176 2408 crimine
1260 2354 1262 2362 “

200 2457 283 2555 ejus,
309 2458 382 2547 sed,
401 2481 501 2530 more
512 2457 625 2553 vulgi,
647 2453 743 2559 suum
762 2452 906 2552 quisque
921 2453 1092 2553 flagitium
1104 2457 1176 2529 aliis

200 2576 420 2675 objectantes.
468 2577 652 2649 Titianum
671 2582 704 2650 δι
728 2575 867 2649 Celsum
890 2599 962 2648 nox
980 2573 1097 2673 juvit,
1111 2575 1178 2649 dis-

193 2698 319 2794 vvposrtis
331 2697 403 2794 jam
416 2697 587 2787 excubiis,
612 2695 872 2795 compressisque
888 2695 1070 2785 militibus,
1090 2721 1178 2794 quos

205 2817 343 2891 Annius
354 2819 474 2890 Gallus
493 2817 662 2915 precibus,
686 2817 839 2905 confili0,
867 2814 1069 2890 austeritate
1089 2820 1178 2891 flex-

207 2958 294 3025 erat,
316 2944 408 3009 “ne
435 2934 534 3033 super
549 2939 683 3011 cladem
710 2936 855 3011 adversae
874 2963 1015 3036 pugnae,
1044 2935 1180 3010 suismet
1242 2992 1243 2997 ,

205 3064 234 3105 “
248 3055 311 3152 ipsi
340 3055 493 3129 caedibus
508 3054 689 3131 saevirent:
719 3060 785 3129 srve
802 3056 879 3130 finis
902 3058 996 3132 bello
1020 3056 1176 3147 venisset,

206 3182 234 3225 -“
253 3175 310 3247 seu
337 3174 503 3249 resumere
530 3203 625 3250 arma
652 3179 808 3266 mallent,
843 3177 987 3261 unicum
1014 3176 1112 3249 vistis
1141 3177 1178 3250 in

138 3355 144 3363 .
204 3305 231 3342 “
249 3296 409 3371 consensu
426 3297 696 3370 levamentum.”
744 3297 875 3371 Ceteris
890 3297 1016 3399 fraslus
1033 3297 1179 3371 animus.

206 3417 434 3489 Praetorianus
450 3417 562 3505 miles,
578 3425 605 3459 “
623 3443 693 3489 non
711 3418 836 3489 virtute
852 3416 898 3507 se,
910 3416 967 3491 sed
984 3416 1181 3514 proditione

205 3543 232 3578 “
253 3535 408 3609 vidum'
433 3534 613 3609 fremebat.
670 3542 698 3579 “
725 3539 782 3608 Ne
811 3535 1001 3609 Vitellianis
1035 3537 1178 3635 quidem

205 3662 232 3696 “
249 3654 464 3745 inctuentarn
480 3653 578 3728 fuisse
595 3653 790 3744 instoriam,
815 3654 913 3752 pulsu
930 3656 1058 3755 equite,
1084 3659 1179 3751 rapta

204 3774 397 3874 “legionis
427 3774 575 3874 aquili:
618 3771 785 3873 superesse
816 3800 898 3849 cum
930 3774 1004 3873 ipso
1037 3776 1178 3848 Othone

636 3895 652 3964 l
697 3917 716 3965 z
