2766 4658
357 336 991 462 HrsronrnttuuLta.1V.
1090 362 1160 443 309

237 514 442 593 LXXVIII.
467 511 581 593 Vnan
605 537 725 603 erant:
755 522 830 593 &a
851 500 1000 595 tribunis
1021 514 1160 614 prosec-

190 635 299 734 tisque
326 640 447 713 eadem
471 639 726 738 ingerebantur.
751 676 754 707 ·,
786 637 984 711 Confistunt
1014 660 1072 732 per
1100 658 1160 708 co·

190 758 319 850 hones,
348 759 595 858 &manipulos
611 780 633 832 ε’
650 780 765 856 neque
788 757 884 831 enim
908 775 1038 853 poterat
1057 751 1163 851 pates·
1240 805 1244 813 ›

191 901 269 951 cere
285 879 388 970 acies,
411 879 517 953 effuso
537 879 647 969 hoste,
674 884 708 952 δι
726 875 996 976 impedientibus
1012 872 1164 950 tentoriis

190 997 407 1096 sarcinisque,
421 1001 503 1074 cum
520 1000 606 1072 intra
618 1001 749 1084 vallum
765 1016 986 1096 pugnaretur.
1035 995 1163 1088 Tutor,

191 1120 226 1190 bc
243 1120 418 1210 Classicu's,
442 1118 626 1209 &Civilis,
652 1117 716 1193 suis
740 1117 881 1215 quisque
904 1115 990 1190 locis
1011 1131 1169 1218 pugnata

192 1235 356 1311 ciebant:
387 1240 507 1313 Gallos
538 1247 565 1283 “
585 1265 647 1336 pro
663 1239 859 1327 libertate,''
887 1238 1031 1308 Batavos
1056 1241 1167 1331 “pro

193 1363 221 1399 “
241 1357 389 1455 glorll,''
408 1362 603 1432 Germanos
633 1359 722 1430 “ad
754 1358 931 1454 praedam''
955 1355 1164 1452 instigantes.
1291 1371 1296 1379 '

194 1477 243 1550 Et
271 1479 394 1551 cunda
420 1503 483 1576 pro
509 1475 661 1552 hostibus
683 1496 797 1551 erant:
827 1477 940 1550 donec
967 1475 1061 1573 legio
1079 1500 1169 1549 una·

135 1592 139 1599 ’
194 1599 406 1689 etvicesrma,
435 1600 640 1696 patentiore,
658 1601 767 1698 quim
792 1619 927 1687 ceterae,
956 1597 1062 1695 spatio
1084 1621 1168 1669 con·

194 1719 348 1816 globata,
366 1720 520 1795 sustinuit
537 1742 688 1810 ruentes,
707 1745 791 1793 mox
808 1719 957 1816 impulit.
1006 1719 1083 1792 Nec
1100 1720 1170 1790 fine

193 1864 264 1937 ope
279 1839 410 1931 divina,
437 1841 575 1914 mutatis
595 1840 736 1938 repente
754 1839 892 1929 animis,
912 1859 1008 1938 terga
1023 1838 1171 1911 vidoret
1230 1915 1234 1923 ,

196 1960 342 2035 vertere.
385 1963 459 2058 ¹Ipsr
474 1940 623 2035 ‘territos
644 1960 677 2034 se
701 1958 897 2034 cohortium
922 1956 1058 2056 aspestu
1085 1956 1172 2031 sere·

196 2080 295 2170 bant,
321 2107 398 2179 quae
426 2081 542 2178 primo
565 2082 701 2179 impetu
717 2078 880 2176 disjedlae,
905 2076 1048 2154 summit
1064 2074 1173 2151 rursus

189 2196 285 2298 jugis
300 2205 618 2300 congregabantur,
643 2226 683 2274 ac
708 2198 856 2296 speciem
881 2198 963 2271 novi
987 2197 1105 2270 auxilii
1123 2194 1172 2270 se·

194 2341 325 2393 cerant.
373 2322 442 2395 Sed
457 2320 588 2395 obstitit
604 2320 822 2394 vincentibus
848 2343 994 2416 pravum
1011 2317 1099 2390 inter
1116 2316 1171 2419 ip-

196 2437 250 2512 sos
283 2460 473 2529 certamen,
506 2440 604 2514 hoste
635 2440 773 2529 omiffo,
807 2437 914 2536 spolia
944 2435 1172 2511 conIeIlandi.

135 2548 138 2561 ’
195 2550 354 2650 Cerialis,
381 2581 420 2633 ut
452 2560 581 2634 incuria
603 2560 713 2658 prope
740 2585 813 2634 rem
841 2556 990 2647 adflixit,
1020 2557 1067 2630 ita
1089 2582 1173 2630 con·

200 2677 323 2751 stantia
345 2679 511 2753 restituit:
537 2678 738 2781 secutusque
755 2680 947 2770 fortunam,
973 2677 1080 2752 castra
1096 2673 1173 2749 bos-

200 2797 290 2871 tium
307 2800 432 2872 eodem
447 2799 506 2873 die
521 2800 613 2898 capit
624 2800 873 2900 exscinditque.

249 2918 423 2991 LXXIX.
460 2919 547 3008 Nae
577 2919 614 2994 in
647 2923 795 3019 longum
827 2920 922 3018 quies
949 2918 1051 3003 militi
1078 2920 1171 2994 data.

199 3039 355 3111 Orabam
389 3037 560 3113 auxilium
591 3039 882 3138 Agrippinenses3
916 3041 1176 3139 offerebantque

201 3182 351 3232 uxorem
379 3183 419 3231 ac
442 3157 593 3232 sororem
617 3160 752 3252 Civilis,
776 3165 808 3234 δι
828 3160 936 3233 filiam
951 3161 1097 3254 Claffici,
1123 3189 1177 3236 re·

167 3274 170 3281 ’
204 3278 285 3352 lieu
310 3276 372 3351 fibi
401 3277 547 3375 pignora
575 3278 756 3354 societatis.
805 3285 927 3376 Atque
953 3278 1179 3355 interim‘dis·

204 3395 319 3497 persos
336 3397 373 3470 in
398 3396 562 3471 domibus
577 3399 771 3472 Germanos
788 3398 1050 3475 trucidaverant.
1099 3404 1179 3475 Un-

103 3607 105 3612 ,
203 3519 249 3592 de
266 3539 390 3610 metus,
408 3523 441 3592 δι
458 3516 559 3615 justae
579 3542 697 3615 preces
714 3515 967 3611 invocantium,
992 3543 1181 3619 antequam

205 3637 329 3727 hostes,
345 3638 506 3737 reparatis
521 3637 666 3729 viribus,
681 3637 726 3711 ad
744 3636 855 3735 spem,
874 3641 931 3713 vel
947 3641 992 3714 ad
1013 3641 1180 3715 ultionem

208 3759 477 3859 accingerentur.
526 3760 750 3876 Namque&
776 3759 896 3835 Civilis
922 3759 1005 3835 illuc
1027 3759 1182 3833 intende·

642 3879 676 3953 Χ
705 3904 724 3974 3
