2766 4658
322 312 572 396 Drssooss
610 331 666 390 ns
701 311 1021 394 Onssonssos.
1130 336 1151 417 7

142 512 147 518 ·
182 486 313 567 ditione
329 493 495 584 imbutus,
521 495 765 568 contemnebat
787 494 900 591 potitis
918 493 1029 567 literas
1046 482 1154 589 quim

182 611 367 706 nesciebat,
396 634 575 711 tamquam
597 612 762 711 majorem
785 613 960 687 industriae
978 616 1010 684 δι
1028 611 1155 686 laboris

184 734 333 832 gloriam
350 735 541 824 habiturus,
568 736 591 808 si
616 732 795 830 ingenium
808 797 809 801 ,
823 730 894 828 ejus
908 732 1010 805 nullis
1027 732 1153 806 aliena·

181 879 260 929 rum
283 853 409 928 artium
436 853 657 928 adminiculis
682 852 780 926 inniti
809 852 992 925 rideretur.
1041 850 1166 948 Igitur*

181 994 221 1047 ut
248 975 452 1048 intravimus
483 973 687 1049 cubiculum
708 972 876 1060 Materni,
904 970 1077 1045 sedentem
1099 970 1154 1068 ip·

181 1094 271 1184 sum,
291 1099 323 1167 δι
343 1119 449 1192 quem
468 1095 575 1192 pridie
600 1093 809 1183 recitaverat,
828 1090 956 1167 librum
972 1091 1063 1165 intra
1080 1117 1155 1167 ma*

182 1237 248 1287 nus
265 1216 466 1304 habentem,
492 1211 793 1311 deprehendimus.

231 1335 295 1407 lll.
319 1335 354 1405 T
359 1360 415 1407 on
433 1338 601 1408 Secunduss
630 1333 692 1407 Nil
709 1358 752 1407 ne
766 1353 814 1423 te,
835 1331 962 1430 inquit,
979 1329 1152 1423 Materne,

182 1449 309 1527 fabulae
322 1449 554 1554 malignorum
569 1472 708 1542 terrent,
727 1452 913 1551 quominus
929 1453 1070 1526 offensas
1086 1455 1152 1527 Ca·

180 1575 273 1648 tonis
289 1560 338 1647 tui
348 1580 472 1661 lanes?
524 1583 584 1649 An
601 1574 680 1648 ideo
699 1574 825 1648 libmm
841 1574 942 1648 istum
959 1577 1151 1673 apprehen·

180 1695 272 1786 disti,
294 1713 333 1768 ut
347 1695 548 1795 diligentius
573 1698 779 1785 retractares,
808 1700 842 1769 δι
859 1690 1010 1786 sublatis,
1035 1701 1154 1794 ssquae

180 1836 326 1912 pravam
361 1816 605 1914 interpretandi
637 1814 813 1889 materiam
845 1815 1027 1908 dederunt,
1052 1817 1153 1890 emit·

180 1954 269 2009 teres
286 1938 470 2027 Catonem,
496 1961 567 2010 non
589 1935 732 2034 quidem
750 1936 945 2027 meliorem,
962 1936 1019 2011 sed
1036 1957 1153 2015 tamen

176 2055 405 2133 securiorem?
455 2059 553 2132 Tum
565 2057 633 2148 ille,
651 2059 768 2155 Leges
785 2077 822 2128 tu
836 2058 980 2153 quidem
996 2062 1018 2131 fi
1032 2060 1152 2132 volue-

177 2177 239 2270 ris,
267 2183 301 2253 δι
317 2169 493 2278 agnosces,
512 2203 591 2275 quae
615 2176 760 2250 audisti:
790 2175 926 2273 quodsr
947 2201 1017 2273 qua
1042 2179 1155 2252 omisit

178 2300 284 2389 Cato,
307 2299 462 2397 sequenti
490 2297 685 2371 recitatione
708 2296 878 2391 Thyestes
894 2296 995 2369 dicet.
1045 2300 1154 2371 Hanc

178 2416 272 2491 enim
286 2419 495 2516 tragoediam
510 2409 750 2516 disposuijam,
770 2421 802 2489 δι
820 2416 907 2488 intra
922 2435 979 2488 me
996 2414 1067 2512 ipse
1084 2416 1154 2489 for-

179 2535 286 2610 mavi.
334 2543 455 2634 Atque
472 2537 551 2611 ideo
568 2558 739 2610 maturare
756 2537 833 2610 libri
851 2534 949 2633 hujus
962 2525 1152 2610 editionem
1167 2574 1169 2580 ·

178 2655 312 2747 festino,
337 2679 376 2731 ut
397 2659 533 2732 dimissd
557 2656 672 2754 priore
697 2661 790 2747 curd,
815 2682 916 2730 novae
950 2655 1153 2754 cogitationi

179 2793 255 2850 toto
272 2777 407 2873 penore
424 2777 637 2850 incumbam.
687 2776 790 2850 Adeo
813 2795 847 2851 te
873 2776 1053 2874 tragoediae
1080 2776 1152 2850 istae

179 2920 251 2975 non
275 2891 409 2987 satiant,
440 2896 552 2994 inquit
579 2898 678 2993 Aper,
705 2897 906 2995 quominus,
931 2895 1058 2970 omiffis
1077 2922 1151 2970 ora·

178 3015 314 3090 tionum
338 3022 371 3091 δι
394 3010 569 3091 causarum
592 3016 723 3107 studiis,
750 3040 855 3090 omne
880 3037 1016 3113 tempus
1044 3015 1151 3103 modis

179 3135 273 3209 circa
296 3139 477 3227 Medeam,
505 3159 585 3211 ecce
602 3164 694 3211 nunc
713 3138 801 3210 circa
817 3136 1007 3232 Thyesten,
1030 3117 1152 3211 consu·

177 3260 277 3331 mas?
308 3257 390 3330 cum
412 3277 462 3330 tot
485 3257 678 3333 amicorum
707 3255 829 3344 causae,
853 3275 905 3327 tot
934 3257 1151 3330 coloniarum

180 3379 214 3449 δι
242 3376 512 3474 municipiorum
531 3376 698 3449 clientelae
724 3376 759 3447 in
775 3374 891 3448 forum
915 3397 1053 3466 vocent,
1072 3378 1150 3475 qui·

179 3496 245 3570 bus
269 3496 331 3572 vix
360 3493 542 3586 sufficeres,
572 3497 674 3569 etiam
699 3499 720 3569 fi
746 3520 816 3567 non
838 3520 968 3570 novum
995 3496 1056 3570 tibi
1081 3494 1151 3593 ipse

179 3618 361 3715 negotium
393 3617 615 3719 importaffes,
646 3615 858 3708 Domitium,
888 3622 920 3690 ἃ
951 3619 1146 3691 Catonem:

629 3739 657 3811 Β
680 3763 705 3827 4
