2766 4658
921 185 929 216 1

327 320 748 429 vHrsronrnrtunt
785 299 991 425 Lrn.V.¹
1080 357 1154 447 '33¹

175 524 372 624 trepidatio,
404 527 488 602 ciam
521 523 671 625 praealtis
705 523 895 622 paludibus
933 547 1043 614 arma,
1073 520 1159 623 equi
1197 555 1200 562 1

73 717 75 719 ,
174 647 404 723 haurirentur.
463 645 631 721 Germani
659 645 750 720 notis
780 646 879 719 vadis
908 643 1155 743 persultabant,

174 769 298 843 omissa
322 770 530 867 plerumque
551 766 677 857 fronte,
707 768 813 841 latera
835 790 877 840 ac
895 785 994 863 terga
1005 764 1158 864 circum·

173 889 375 965 venientes:
405 915 533 989 neque,
566 910 604 962 ut
634 890 671 962 in
697 888 846 986 pedestri
879 885 966 976 acie,
997 886 1158 961 cominus

173 1011 312 1086 eminus
328 1014 547 1096 certabatur3
578 1010 650 1098 scd,
677 1031 858 1107 tamquam
883 1008 997 1081 navah
1022 1007 1161 1105 pugni,

174 1132 257 1230 vagi
276 1131 363 1205 inter
388 1133 511 1221 undas,
534 1151 608 1220 aut,
636 1133 658 1204 sr
684 1130 771 1227 quid
794 1129 914 1203 stabile
938 1131 1156 1218 occurrebat,

175 1253 259 1337 totis
275 1252 346 1327 illic
371 1251 576 1350 corporibus
602 1249 763 1340 nitentes,
781 1250 954 1324 vulnerati
970 1275 1052 1323 cum
1069 1249 1158 1322 inte·

67 1368 72 1383 '
172 1372 256 1471 gris,
280 1373 377 1471 periti
395 1373 500 1448 nandi
524 1401 607 1448 cum
625 1370 765 1470 ignaris,
794 1371 832 1444 in
856 1391 1016 1445 mutuam
1041 1370 1157 1468 perni«

174 1492 266 1567 ciem
283 1493 575 1592 implicabanturr
606 1496 720 1568 minor
736 1514 869 1583 tamen,
887 1494 995 1591 quim
1013 1519 1077 1590 pro
1101 1512 1157 1566 ru·

175 1615 305 1704 multu,
337 1614 472 1689 caedes:
514 1615 597 1713 quia
630 1641 703 1688 non
736 1618 805 1688 aust
837 1614 959 1712 egredi
992 1615 1158 1712 paludem
1258 1642 1259 1645 ¹

174 1736 355 1826 Germani,
382 1735 419 1808 in
441 1736 546 1808 castra
572 1735 714 1808 rediero
766 1733 849 1834 Ejur
874 1734 990 1834 proelii
1013 1753 1158 1810 eventus

173 1877 362 1956 utrumque
378 1858 520 1946 ducem,
549 1856 690 1929 diverfis
707 1854 815 1930 animi
830 1857 999 1948 motibus,
1023 1857 1069 1930 ad
1086 1883 1160 1945 rna·

171 1980 360 2053 tutandum
393 1977 538 2053 somma
567 1977 615 2051 rei
644 1975 829 2051 discrimen
856 1976 979 2053 erexit.
1036 1977 1161 2055 Civilis

168 2098 454 2173 instaresortunae
468 2127 479 2186 ;
492 2098 638 2209 Cerialia
647 2101 786 2171 abolere
797 2099 1041 2197 ignominiam.
1067 2101 1157 2173 Ger·
1275 2113 1285 2127 “

112 2300 117 2330 s
172 2220 268 2294 mani
294 2218 462 2318 prosperis
490 2218 621 2292 feroces
634 2201 658 2306 ;‘
677 2222 861 2294 Romanos
886 2221 1002 2316 pudor
1024 2220 1156 2294 excita·

138 2347 141 2351 ’
170 2360 288 2415 vetat:
309 2365 383 2413 nox
401 2341 495 2437 apud
516 2342 677 2414 barbaros
689 2360 795 2416 cantu
812 2358 871 2414 aut
884 2340 1037 2415 clamore
1048 2369 1060 2427 3
1079 2340 1158 2414 uos·
1203 2402 1209 2410 .

170 2458 230 2534 tris
255 2485 318 2557 pet
340 2460 426 2534 iram
442 2465 477 2534 a
495 2460 605 2536 minas
621 2464 707 2535 aeta.
998 2472 1002 2480 '

220 2580 319 2654 XVI.
344 2584 529 2666 Posrann
552 2583 646 2674 luce,
667 2582 811 2657 Cerialis
832 2580 948 2680 equite
973 2586 1007 2656 a
1030 2580 1157 2659 auxili·
1243 2629 1248 2634 ·

171 2700 248 2774 ariis
276 2701 479 2776 cohortibus
499 2703 650 2778 frontem
675 2706 821 2805 explet3
848 2703 886 2777 in
909 2701 1059 2777 secundi
1082 2702 1158 2777 acie

171 2821 326 2920 legiones
355 2825 493 2895 locatae:
523 2825 598 2896 dux
627 2824 687 2897 fibi
719 2825 872 2899 derectos
900 2824 1088 2898 retinuerat
1111 2827 1159 2899 ad

169 2941 378 3040 improvisa..
430 2940 552 3017 Civilis
584 2946 679 3018 haud
714 2948 873 3043 portesro
906 2944 1062 3044 agmine,
1097 2944 1157 3020 sed

161 3063 290 3146 'cuneis
322 3062 466 3137 adstitit.
526 3064 644 3140 Batavi
678 3066 909 3167 Gugernique
942 3066 978 3139 in
1005 3067 1155 3154 dextro;

169 3185 272 3274 laeva,
290 3205 331 3258 ac
349 3185 513 3282 propiora
537 3186 706 3278 fluminis,
729 3185 985 3260 Transrhenani
1001 3191 1156 3263 tenuere.

169 3304 380 3382 Exhortatio
397 3306 546 3397 ducum,
566 3332 638 3381 non
656 3331 755 3380 more
768 3307 946 3382 concionis
962 3311 1059 3406 apud
1074 3310 1155 3384 uni·
1218 3340 1220 3350 ·

168 3421 297 3516 versos,
307 3423 366 3499 sed
378 3447 417 3499 ut
434 3425 591 3524 quosque
601 3451 724 3503 comm
737 3426 1008 3504 advehebantur.
1058 3432 1155 3507 Ceti-

168 3546 232 3620 alis
260 3554 288 3590 “
305 3566 459 3621 veterem
477 3546 633 3621 Romani
650 3547 800 3621 nominis
819 3548 980 3648 gloriam,
998 3553 1157 3650 antiquas

168 3674 198 3717 “
215 3667 433 3769 recentesque
445 3667 618 3744 victorias:
635 3689 674 3742 ut
685 3669 875 3766 perfidum,
886 3671 1070 3771 ignavum,
1083 3671 1155 3745 vic·

167 3795 198 3840 “
217 3808 294 3868 tum
307 3790 456 3885 hostem,
470 3789 506 3872 ia
519 3810 688 3870 aternum
704 3791 920 3870 exciderent:
935 3792 1068 3868 ultione
1081 3817 1154 3869 ma·
