2844 4704
365 311 897 393 H1sronrnauanta.
927 312 989 394 111.
1104 326 1169 421 185

196 487 464 588 agnoscensque,
490 495 524 564 &
541 489 751 589 exsanguem
768 493 966 588 amplexus,
999 516 1084 565 voce
1111 498 1186 584 sle-¹

196 608 257 682 bili
285 613 490 707 precabatur
516 619 542 655 “
562 616 711 710 placatos
736 613 840 710 patris
866 636 1002 703 manes,
1029 637 1117 685 neve
1141 614 1174 687 se

197 735 280 802 “ut
308 731 512 829 parricidam
541 722 794 805 aversarentur}
823 731 1003 829 publicum
1027 732 1064 804 id
1091 731 1174 825 saei-

198 856 224 891 “
242 876 330 937 nus;
357 854 390 922 δι
406 877 518 925 unum
543 853 690 925 militem
709 872 853 949 quotam
877 851 1033 926 civilium
1060 878 1173 926 armo·

197 970 323 1045 “rum
349 992 479 1069 partem
493 974 534 1044 ?'’
558 971 669 1046 Simul
693 956 850 1046 attollere
867 998 1010 1069 eorpus,
1044 973 1175 1069 aperire
1222 1064 1223 1067 Ἴ

149 1126 155 1132 ·
196 1091 363 1182 humum,
399 1091 560 1192 supremo
591 1120 674 1192 erga
706 1114 883 1190 parentem
916 1092 1032 1166 officio
1061 1091 1174 1192 fungi.

197 1212 391 1285 Advertere
404 1213 572 1310 proximi,
600 1213 728 1287 deinde
744 1215 885 1310 plures:
912 1212 1006 1285 hinc·
1020 1238 1078 1309 per
1094 1239 1172 1286 om·
1281 1216 1283 1221 ’
1322 1212 1332 1228 ’

198 1356 286 1404 nem¹
306 1334 416 1406 aciem
445 1333 665 1423 miraculum,
697 1339 730 1406 &
753 1333 904 1430 questus,
940 1337 973 1405 δι
1008 1334 1174 1408 saeviffimi

198 1452 281 1525 belli
307 1452 515 1549 exsecratio:
542 1479 606 1527 nec
628 1480 671 1527 eo
698 1452 834 1551 segnius
859 1453 1087 1551 propinquos,
1111 1456 1174 1528 ad·

162 1588 164 1591 ’
196 1574 296 1663 fines,
326 1572 442 1648 fratres
468 1559 655 1649 trucidatos
672 1572 841 1673 spoliant:
869 1569 999 1648 factum
1020 1577 1086 1649 effe
1101 1574 1172 1649 sce·

194 1694 246 1768 lus
264 1696 469 1791 loquuntur,
495 1693 705 1794 faciuntque.

243 1818 380 1890 XXVI.
407 1819 474 1918 Ur*
488 1819 699 1890 Cremonam
712 1820 852 1909 venere,
873 1843 1005 1893 novum
1023 1816 1172 1891 immen·
1236 1884 1238 1889 .

169 1982 173 1995 ·
195 1933 341 2034 sumque
357 1963 450 2034 opus
459 1939 621 2012 occurrit.
671 1938 874 2012 Othoniano
890 1940 997 2030 bello,
1023 1938 1173 2012 Germa·

193 2056 290 2129 nicus
318 2057 416 2130 miles
445 2058 622 2132 moenibus
655 2060 938 2133 Cremonensium
969 2057 1073 2132 castra
1100 2056 1172 2150 sua,
1229 2042 1231 2045 V

194 2177 308 2252 castris
337 2182 469 2253 vallum
498 2178 784 2277 circumjecerat3
820 2204 929 2277 eaque
957 2179 1176 2253 munimenta

192 2298 305 2374 rursus
330 2287 498 2373 auxerat:
528 2325 681 2397 quorum
705 2297 840 2397 aspediu
864 2301 993 2371 haesere
1011 2299 1170 2391 virtores,

193 2418 331 2494 incertis
347 2420 511 2510 ducibus,
535 2419 621 2517 quid
631 2416 807 2515 juberent.
859 2418 1016 2516 Incipere
1028 2418 1172 2518 'oppug-

192 2539 384 2631 nationem,
431 2539 516 2615 fess'o
545 2567 608 2639 per
635 2540 732 2615 diem
761 2543 971 2639 noctemque
1004 2539 1170 2630 exercitu,

193 2660 354 2748 arduum,
382 2653 834 2758 &‚nullojuxtasubs1di0,
859 2686 1012 2759 anceps:
1042 2664 1090 2734 srn
1106 2664 1171 2734 Be·

184 2776 351 2851 briacum
372 2778 534 2872 redirent,
565 2781 801 2855 intolerandus
828 2804 902 2854 tam
930 2782 1027 2880 longi
1045 2780 1173 2854 itineris

192 2897 305 2988 labor,
333 2903 366 2971 δι
396 2899 541 2973 vistoria
568 2902 613 2974 ad
640 2901 775 2975 irritum
798 2903 1063 2977 revolvebatur:
1092 2928 1171 2975 mu·

191 3017 266 3092 nire
292 3018 426 3106 castra,
452 3019 489 3093 id
513 3045 657 3119 quoque
682 3022 888 3120 propinquis
916 3022 1073 3097 hostibus
1101 3019 1170 3095 sor·

191 3137 423 3230 midolosum,
444 3165 489 3212 ne
504 3133 681 3239 dispersos,
703 3147 842 3240 &opus
859 3142 1040 3217 molientes
1061 3141 1172 3216 subita

189 3260 373 3356 eruptione
388 3263 577 3335 turbarent.
627 3261 719 3361 Qiae
739 3262 837 3359 super
855 3266 992 3352 cuncta,
1019 3265 1171 3337 terrebat

187 3378 337 3476 ipsorum
363 3381 475 3471 miles,
509 3383 653 3480 periculi
684 3383 791 3481 quarn
818 3407 926 3455 morae
957 3381 1168 3479 patientior:

187 3501 333 3600 Qrippe
362 3502 509 3600 ingrata,
542 3530 621 3601 quae
648 3522 723 3575 tuta
736 3530 747 3589 ;
782 3526 826 3575 ex
851 3501 1040 3575 temeritate
1067 3502 1167 3600 spes:

187 3620 371 3719 omnisque
394 3624 519 3711 caedes,
539 3628 572 3696 δι
590 3625 749 3715 vulnera,
774 3626 808 3696 δι
833 3620 982 3718 sanguis,
1004 3621 1170 3696 aviditate

188 3743 313 3839 praeda
333 3741 570 3841 pensabantur.
