2844 4704
362 347 756 422 Hrsrotttnnuns
785 345 970 418 Ltull.
1098 370 1160 419 121

116 545 122 553 ·
192 533 288 604 rant3
317 522 347 559 “
364 540 428 589 nec
444 515 572 591 deinde
595 538 690 592 coetu
708 517 906 605 hominum,
934 533 994 589 aut
1017 513 1166 597 circurn-

192 636 458 712 “volitantium
486 638 623 727 alitum,
657 637 807 711 territam
834 634 1025 733 pulsamve,
1053 637 1167 710 donec

193 760 336 833 “Otho
361 756 394 830 se
418 757 488 855 ipse
498 740 730 831 interficeret:
758 777 835 829 tum
853 757 1004 829 ablatam
1023 780 1067 829 ex
1083 779 1167 830 ocu-

193 886 223 922 “
240 879 299 953 lis:
330 883 365 951 δι
383 898 540 975 tempora
558 877 809 975 reputantibus,
834 878 971 951 initium
989 881 1171 975 finemque

192 1006 222 1044 “
240 998 413 1089 miraculi,
436 1025 517 1072 cum
534 996 685 1072 Othonis
700 997 795 1070 exitu
813 997 1047 1094 competisse.”

239 1121 303 1193 LI.
328 1122 372 1193 Iu
392 1119 510 1194 sunere
521 1116 607 1216 ejus,
625 1136 753 1190 novata
770 1115 865 1190 lusio
883 1142 924 1191 ac
940 1119 1060 1191 dolore
1076 1117 1167 1191 rnili-

192 1260 270 1313 tum
295 1237 440 1312 seditio:
466 1263 530 1312 nec
559 1256 643 1327 erat,
675 1238 735 1335 qui
764 1242 947 1311 co‘e‘rceret.
999 1240 1058 1312 Ad
1082 1240 1167 1311 Ver-

195 1361 332 1457 ginium
360 1361 460 1447 versi,
491 1359 598 1431 modo
632 1367 711 1431 “ut
741 1357 907 1454 reciperet
940 1357 1169 1454 imperium,”

185 1496 288 1552 ‘nunc
324 1487 351 1522 “
368 1498 406 1551 ut
430 1477 599 1576 legatione
623 1475 717 1575 apud
733 1478 910 1550 Caecinam
929 1502 969 1551 ac
985 1479 1170 1553 Valentem

194 1604 223 1640 ‘⁴
240 1596 477 1696 fungeretur,’'
524 1597 722 1672 minitantes
761 1601 916 1671 orabant.
982 1596 1169 1696 Verginius

192 1742 261 1815 per
271 1717 425 1792 aversam
450 1720 579 1792 domhs
598 1740 736 1816 partem
755 1717 875 1791 furtim
901 1719 1090 1818 degressus,
1115 1718 1169 1791 iri-¹

191 1858 391 1936 rumpentes
423 1839 597 1914 fiustratus
625 1839 686 1913 est.
748 1842 891 1929 Earum,
922 1864 1000 1936 quae
1029 1823 1198 1912 Brixelli*
1259 1877 1261 1882 .
1304 1874 1307 1880 .

192 1980 350 2056 egerant,
380 1961 578 2036 cohortium
602 1984 722 2058 preces
750 1959 907 2033 Rubrius
934 1960 1057 2033 Gallus
1079 1960 1169 2032 tulit.

111 2178 114 2182 ἱ
195 2082 242 2152 Et
259 2081 369 2154 venia·
388 2081 500 2154 statim
515 2081 716 2178 impetrata,
741 2080 1014 2155 concedentibus
1031 2081 1075 2154 ad
1092 2079 1170 2153 vic·‘

192 2215 316 2292 torem,
342 2228 403 2300 per
429 2202 593 2277 Flavium
614 2201 797 2292 Sabinum,
825 2200 866 2275 iis
893 2198 1016 2298 copiis,
1041 2199 1170 2297 quibus
1279 2196 1281 2201 ’

192 2322 381 2420 praefuerat.

237 2445 491 2539 Lll.„Pos1ro
511 2443 641 2540 ubique
664 2444 769 2533 bello,
795 2465 924 2542 magna
941 2465 1019 2539 pars
1035 2436 1169 2516 senatsrs
1230 2519 1235 2525 ,

152 2636 158 2641 ,,
192 2571 388 2638 extremum
415 2564 602 2638 discrimen
624 2563 721 2667 adiit,
747 2561 902 2661 profesta
922 2586 1005 2637 cum
1025 2562 1170 2636 Othone

130 2775 133 2778 Α
193 2685 238 2755 ab
254 2685 368 2773 Urbe,
396 2685 477 2758 dein
506 2684 657 2761 Mutinae
682 2685 808 2758 relic'ta.
859 2683 948 2758 Illuc
965 2678 1107 2757 adverso
1123 2684 1169 2756 de
1245 2698 1249 2708 “

194 2802 321 2899 proelio
337 2805 509 2877 adlatum:
539 2804 596 2878 sed
625 2804 766 2896 milites,
784 2824 823 2878 ut
845 2803 967 2879 salsum
990 2793 1169 2879 rhmorem

193 2921 423 3018 aspernantes,
451 2924 547 3021 quod
567 2924 737 2999 infensum
752 2927 885 3000 Othoni
902 2924 1056 3000 senatum
1077 2925 1169 3000 arbi·

192 3044 384 3134 trabuntur,
404 3044 571 3118 custodire
584 3045 767 3139 sermones,
786 3048 926 3119 vultum
938 3036 1169 3145 habitumque

192 3163 326 3236 trahere
366 3164 401 3236 in
424 3163 596 3238 deterius:
629 3148 796 3239 conviciis
822 3166 996 3264 postremo
1019 3191 1059 3239 ac
1087 3154 1172 3264 pross

190 3282 262 3355 bris
293 3281 430 3357 causam
459 3287 494 3358 ὅτ
527 3284 667 3358 initium
695 3286 800 3361 caedis
834 3286 1052 3383 quaerebant:
1084 3287 1168 3361 edm

189 3402 275 3480 alius
304 3403 441 3500 insuper
464 3426 575 3479 merus
599 3405 810 3480 senatoribus
831 3403 982 3495 instaret,
1012 3429 1056 3479 ne
1080 3433 1168 3504 prae·

192 3522 313 3596 validis
331 3521 406 3620 jam
424 3524 555 3598 Vitellii
572 3525 742 3623 parribus,
774 3526 974 3598 cunctanter
998 3527 1169 3624 excepisse
1255 3630 1260 3635 ¹
1361 3600 1363 3603 ,

193 3640 373 3716 νὶἂοῑὶειιῃ
407 3646 644 3719 crederentur:
685 3646 734 3717 ita
768 3644 892 3742 trepidi
925 3649 960 3719 δι
992 3647 1168 3742 utrimque

193 3762 286 3846 anxii
309 3770 458 3853 codunt3
488 3790 594 3843 nemo
623 3763 784 3863 privatim
817 3766 984 3865 expedito
1011 3764 1171 3856 confili0‚·
