<?xml version="1.0" encoding="UTF-8"?>
<!DOCTYPE html PUBLIC "-//W3C//DTD XHTML 1.0 Transitional//EN"
    "http://www.w3.org/TR/xhtml1/DTD/xhtml1-transitional.dtd">
<html xmlns="http://www.w3.org/1999/xhtml" xml:lang="en" lang="en">
 <head>
  <title>
</title>
<meta http-equiv="Content-Type" content="text/html;charset=utf-8" />
  <meta name='ocr-system' content='tesseract 3.04.00' />
  <meta name='ocr-capabilities' content='ocr_page ocr_carea ocr_par ocr_line ocrx_word'/>
</head>
<body>
  <div class='ocr_page' id='page_1' title='image "./ccorneliitaciti01freigoog_0192.png"; bbox 0 0 2844 4704; ppageno 0'>
   <div class='ocr_carea' id='block_1_1' title="bbox 354 336 1159 438">
    <p class='ocr_par' dir='ltr' id='par_1_1' title="bbox 354 336 1159 438">
     <span class='ocr_line' id='line_1_1' title="bbox 354 336 1159 438; baseline -0.005 -21"><span class='ocrx_word' id='word_1_1' title='bbox 354 344 743 418; x_wconf 71' lang='lat' dir='ltr'>Hssrosssran</span> <span class='ocrx_word' id='word_1_2' title='bbox 780 336 888 413; x_wconf 77' lang='lat' dir='ltr'>Lis.</span> <span class='ocrx_word' id='word_1_3' title='bbox 927 339 991 413; x_wconf 80' lang='grc' dir='ltr'><strong>ΙΙΙ.</strong></span> <span class='ocrx_word' id='word_1_4' title='bbox 1093 340 1159 438; x_wconf 74' lang='lat'>187</span> 
     </span>
    </p>
   </div>
   <div class='ocr_carea' id='block_1_2' title="bbox 103 512 1169 1215">
    <p class='ocr_par' dir='ltr' id='par_1_2' title="bbox 187 512 1167 957">
     <span class='ocr_line' id='line_1_2' title="bbox 187 512 1166 617; baseline -0.004 -22"><span class='ocrx_word' id='word_1_5' title='bbox 187 520 334 611; x_wconf 68' lang='lat' dir='ltr'>dentes„</span> <span class='ocrx_word' id='word_1_6' title='bbox 348 518 545 617; x_wconf 82' lang='lat' dir='ltr'>prensarent</span> <span class='ocrx_word' id='word_1_7' title='bbox 566 512 718 591; x_wconf 81' lang='lat' dir='ltr'>bolliam</span> <span class='ocrx_word' id='word_1_8' title='bbox 734 516 803 591; x_wconf 79' lang='lat' dir='ltr'>tela</span> <span class='ocrx_word' id='word_1_9' title='bbox 819 517 1051 616; x_wconf 77' lang='lat' dir='ltr'>brachiaque:</span> <span class='ocrx_word' id='word_1_10' title='bbox 1078 517 1166 591; x_wconf 83' lang='lat' dir='ltr'>inte·</span> 
     </span>
     <span class='ocr_line' id='line_1_3' title="bbox 187 633 1165 742; baseline -0.006 -28"><span class='ocrx_word' id='word_1_11' title='bbox 187 643 239 742; x_wconf 85' lang='lat' dir='ltr'>gri</span> <span class='ocrx_word' id='word_1_12' title='bbox 255 668 340 716; x_wconf 82' lang='lat' dir='ltr'>curn</span> <span class='ocrx_word' id='word_1_13' title='bbox 357 633 489 730; x_wconf 85' lang='lat' dir='ltr'>sauciis,</span> <span class='ocrx_word' id='word_1_14' title='bbox 516 636 701 712; x_wconf 81' lang='lat' dir='ltr'>semineces</span> <span class='ocrx_word' id='word_1_15' title='bbox 722 664 803 712; x_wconf 91' lang='lat' dir='ltr'>cum</span> <span class='ocrx_word' id='word_1_16' title='bbox 821 636 1072 737; x_wconf 79' lang='lat' dir='ltr'>exspirantibus</span> <span class='ocrx_word' id='word_1_17' title='bbox 1089 640 1165 711; x_wconf 77' lang='lat' dir='ltr'>vol·</span> 
     </span>
     <span class='ocr_line' id='line_1_4' title="bbox 187 754 1167 859; baseline -0.004 -24"><span class='ocrx_word' id='word_1_18' title='bbox 187 782 328 852; x_wconf 83' lang='lat' dir='ltr'>vuntur,</span> <span class='ocrx_word' id='word_1_19' title='bbox 353 762 445 835; x_wconf 68' lang='lat' dir='ltr'>varis</span> <span class='ocrx_word' id='word_1_20' title='bbox 462 760 680 859; x_wconf 81' lang='lat' dir='ltr'>pereuntium</span> <span class='ocrx_word' id='word_1_21' title='bbox 695 756 822 850; x_wconf 74' lang='lat' dir='ltr'>sonna,</span> <span class='ocrx_word' id='word_1_22' title='bbox 846 754 995 832; x_wconf 85' lang='lat' dir='ltr'>&amp;omni</span> <span class='ocrx_word' id='word_1_23' title='bbox 1014 755 1167 856; x_wconf 78' lang='lat' dir='ltr'>imagine</span> 
     </span>
     <span class='ocr_line' id='line_1_5' title="bbox 188 867 1005 957; baseline -0.011 0"><span class='ocrx_word' id='word_1_24' title='bbox 188 882 367 957; x_wconf 87' lang='lat' dir='ltr'>mortium.</span> <span class='ocrx_word' id='word_1_25' title='bbox 1000 867 1005 873; x_wconf 38' lang='lat'>⁸</span> 
     </span>
    </p>

    <p class='ocr_par' dir='ltr' id='par_1_3' title="bbox 103 998 1169 1215">
     <span class='ocr_line' id='line_1_6' title="bbox 237 998 1169 1098; baseline -0.008 -20"><span class='ocrx_word' id='word_1_26' title='bbox 237 1005 377 1078; x_wconf 81' lang='lat' dir='ltr'><strong>XXlX.</strong></span> <span class='ocrx_word' id='word_1_27' title='bbox 404 1008 673 1090; x_wconf 74' lang='lat' dir='ltr'>Acerrimum,</span> <span class='ocrx_word' id='word_1_28' title='bbox 690 1001 798 1075; x_wconf 82' lang='lat' dir='ltr'>tertiae</span> <span class='ocrx_word' id='word_1_29' title='bbox 815 999 1041 1098; x_wconf 70' lang='lat' dir='ltr'>septimaeque</span> <span class='ocrx_word' id='word_1_30' title='bbox 1059 998 1169 1098; x_wconf 81' lang='lat' dir='ltr'>legio-</span> 
     </span>
     <span class='ocr_line' id='line_1_7' title="bbox 103 1105 1169 1215; baseline -0.006 -15"><span class='ocrx_word' id='word_1_31' title='bbox 103 1105 106 1117; x_wconf 30' lang='lat'>.</span> <span class='ocrx_word' id='word_1_32' title='bbox 189 1151 291 1215; x_wconf 90' lang='lat' dir='ltr'>num,</span> <span class='ocrx_word' id='word_1_33' title='bbox 318 1145 519 1196; x_wconf 85' lang='lat' dir='ltr'>certamen:</span> <span class='ocrx_word' id='word_1_34' title='bbox 548 1127 582 1194; x_wconf 70' lang='grc' dir='ltr'>ἃ</span> <span class='ocrx_word' id='word_1_35' title='bbox 606 1120 890 1211; x_wconf 73' lang='lat' dir='ltr'>duxAntoniua,</span> <span class='ocrx_word' id='word_1_36' title='bbox 919 1146 1000 1197; x_wconf 85' lang='lat' dir='ltr'>cunr</span> <span class='ocrx_word' id='word_1_37' title='bbox 1026 1119 1169 1194; x_wconf 65' lang='lat' dir='ltr'>deleuit</span> 
     </span>
    </p>
   </div>
   <div class='ocr_carea' id='block_1_3' title="bbox 190 1241 1378 1460">
    <p class='ocr_par' dir='ltr' id='par_1_4' title="bbox 190 1241 1378 1460">
     <span class='ocr_line' id='line_1_8' title="bbox 190 1241 1321 1331; baseline -0.005 -11"><span class='ocrx_word' id='word_1_38' title='bbox 190 1245 428 1331; x_wconf 85' lang='lat' dir='ltr'>auxiliaribus,</span> <span class='ocrx_word' id='word_1_39' title='bbox 455 1243 579 1316; x_wconf 76' lang='lat' dir='ltr'>eodem</span> <span class='ocrx_word' id='word_1_40' title='bbox 596 1241 809 1316; x_wconf 89' lang='lat' dir='ltr'>incubuerat.</span> <span class='ocrx_word' id='word_1_41' title='bbox 855 1241 1057 1316; x_wconf 84' lang='lat' dir='ltr'>Obstinatos</span> <span class='ocrx_word' id='word_1_42' title='bbox 1081 1242 1171 1315; x_wconf 83' lang='lat' dir='ltr'>inter</span> <span class='ocrx_word' id='word_1_43' title='bbox 1320 1292 1321 1297; x_wconf 20' lang='grc' dir='ltr'><strong>κ</strong></span> 
     </span>
     <span class='ocr_line' id='line_1_9' title="bbox 190 1361 1378 1460; baseline -0.002 -22"><span class='ocrx_word' id='word_1_44' title='bbox 190 1365 224 1439; x_wconf 85' lang='lat' dir='ltr'>se</span> <span class='ocrx_word' id='word_1_45' title='bbox 240 1365 326 1438; x_wconf 73' lang='lat' dir='ltr'>eum</span> <span class='ocrx_word' id='word_1_46' title='bbox 338 1363 501 1439; x_wconf 89' lang='lat' dir='ltr'>sustinere</span> <span class='ocrx_word' id='word_1_47' title='bbox 518 1362 691 1436; x_wconf 86' lang='lat' dir='ltr'>Vitelliani</span> <span class='ocrx_word' id='word_1_48' title='bbox 708 1362 904 1460; x_wconf 86' lang='lat' dir='ltr'>nequirent,</span> <span class='ocrx_word' id='word_1_49' title='bbox 936 1361 1172 1460; x_wconf 76' lang='lat' dir='ltr'>&amp;superjesla</span> <span class='ocrx_word' id='word_1_50' title='bbox 1230 1363 1233 1369; x_wconf 78' lang='grc'><strong>’</strong></span> <span class='ocrx_word' id='word_1_51' title='bbox 1375 1370 1378 1372; x_wconf 78' lang='grc'><strong>’</strong></span> 
     </span>
    </p>
   </div>
   <div class='ocr_carea' id='block_1_4' title="bbox 120 1462 1297 3875">
    <p class='ocr_par' dir='ltr' id='par_1_5' title="bbox 120 1462 1297 3875">
     <span class='ocr_line' id='line_1_10' title="bbox 120 1462 1172 1580; baseline -0.003 -20"><span class='ocrx_word' id='word_1_52' title='bbox 120 1462 121 1470; x_wconf 22' lang='lat'>¹</span> <span class='ocrx_word' id='word_1_53' title='bbox 192 1488 262 1559; x_wconf 87' lang='lat' dir='ltr'>tela</span> <span class='ocrx_word' id='word_1_54' title='bbox 278 1483 448 1560; x_wconf 84' lang='lat' dir='ltr'>testudine</span> <span class='ocrx_word' id='word_1_55' title='bbox 464 1485 671 1573; x_wconf 77' lang='lat' dir='ltr'>laberentur,</span> <span class='ocrx_word' id='word_1_56' title='bbox 697 1482 807 1580; x_wconf 84' lang='lat' dir='ltr'>ipsam</span> <span class='ocrx_word' id='word_1_57' title='bbox 821 1482 996 1579; x_wconf 73' lang='lat' dir='ltr'>postremo</span> <span class='ocrx_word' id='word_1_58' title='bbox 1013 1484 1172 1557; x_wconf 78' lang='lat' dir='ltr'>balistam</span> 
     </span>
     <span class='ocr_line' id='line_1_11' title="bbox 194 1601 1290 1702; baseline -0.001 -24"><span class='ocrx_word' id='word_1_59' title='bbox 194 1604 229 1678; x_wconf 92' lang='lat' dir='ltr'>in</span> <span class='ocrx_word' id='word_1_60' title='bbox 246 1602 431 1679; x_wconf 89' lang='lat' dir='ltr'>subeuntes</span> <span class='ocrx_word' id='word_1_61' title='bbox 446 1605 655 1702; x_wconf 63' lang='lat' dir='ltr'>propulsre:</span> <span class='ocrx_word' id='word_1_62' title='bbox 686 1630 764 1700; x_wconf 81' lang='lat' dir='ltr'>quae</span> <span class='ocrx_word' id='word_1_63' title='bbox 781 1623 820 1676; x_wconf 93' lang='lat' dir='ltr'>ut</span> <span class='ocrx_word' id='word_1_64' title='bbox 847 1605 891 1676; x_wconf 87' lang='lat' dir='ltr'>ad</span> <span class='ocrx_word' id='word_1_65' title='bbox 910 1603 1054 1700; x_wconf 70' lang='lat' dir='ltr'>presens</span> <span class='ocrx_word' id='word_1_66' title='bbox 1069 1601 1172 1702; x_wconf 80' lang='lat' dir='ltr'>disje·</span> <span class='ocrx_word' id='word_1_67' title='bbox 1281 1647 1290 1669; x_wconf 60' lang='lat'>.=</span> 
     </span>
     <span class='ocr_line' id='line_1_12' title="bbox 192 1723 1173 1825; baseline -0.002 -25"><span class='ocrx_word' id='word_1_68' title='bbox 192 1727 240 1800; x_wconf 87' lang='lat' dir='ltr'>cit</span> <span class='ocrx_word' id='word_1_69' title='bbox 256 1726 457 1825; x_wconf 89' lang='lat' dir='ltr'>obruitque,</span> <span class='ocrx_word' id='word_1_70' title='bbox 487 1751 575 1823; x_wconf 90' lang='lat' dir='ltr'>quos</span> <span class='ocrx_word' id='word_1_71' title='bbox 598 1723 790 1810; x_wconf 83' lang='lat' dir='ltr'>inciderat3</span> <span class='ocrx_word' id='word_1_72' title='bbox 816 1723 865 1797; x_wconf 86' lang='lat' dir='ltr'>ita</span> <span class='ocrx_word' id='word_1_73' title='bbox 887 1724 1009 1821; x_wconf 79' lang='lat' dir='ltr'>pinnas</span> <span class='ocrx_word' id='word_1_74' title='bbox 1024 1750 1064 1798; x_wconf 86' lang='lat' dir='ltr'>ac</span> <span class='ocrx_word' id='word_1_75' title='bbox 1079 1723 1173 1798; x_wconf 87' lang='lat' dir='ltr'>sum·</span> 
     </span>
     <span class='ocr_line' id='line_1_13' title="bbox 191 1843 1172 1942; baseline -0.004 -22"><span class='ocrx_word' id='word_1_76' title='bbox 191 1873 251 1920; x_wconf 86' lang='lat' dir='ltr'>rna</span> <span class='ocrx_word' id='word_1_77' title='bbox 267 1848 348 1920; x_wconf 89' lang='lat' dir='ltr'>valli</span> <span class='ocrx_word' id='word_1_78' title='bbox 364 1845 462 1920; x_wconf 67' lang='lat' dir='ltr'>mind</span> <span class='ocrx_word' id='word_1_79' title='bbox 473 1843 531 1919; x_wconf 70' lang='lat' dir='ltr'>sud</span> <span class='ocrx_word' id='word_1_80' title='bbox 548 1845 653 1918; x_wconf 84' lang='lat' dir='ltr'>traxit</span> <span class='ocrx_word' id='word_1_81' title='bbox 670 1873 678 1918; x_wconf 91' lang='lat'><strong>:</strong></span> <span class='ocrx_word' id='word_1_82' title='bbox 708 1846 807 1918; x_wconf 85' lang='lat' dir='ltr'>fimul</span> <span class='ocrx_word' id='word_1_83' title='bbox 819 1843 942 1942; x_wconf 71' lang='lat' dir='ltr'>junsta</span> <span class='ocrx_word' id='word_1_84' title='bbox 958 1844 1070 1934; x_wconf 86' lang='lat' dir='ltr'>turris,</span> <span class='ocrx_word' id='word_1_85' title='bbox 1094 1843 1172 1917; x_wconf 74' lang='lat' dir='ltr'>ieri-</span> 
     </span>
     <span class='ocr_line' id='line_1_14' title="bbox 194 1962 1174 2063; baseline -0.003 -22"><span class='ocrx_word' id='word_1_86' title='bbox 194 1970 261 2041; x_wconf 86' lang='lat' dir='ltr'>bus</span> <span class='ocrx_word' id='word_1_87' title='bbox 288 1968 450 2042; x_wconf 82' lang='lat' dir='ltr'>saxomm</span> <span class='ocrx_word' id='word_1_88' title='bbox 472 1969 593 2040; x_wconf 75' lang='lat' dir='ltr'>cesset:</span> <span class='ocrx_word' id='word_1_89' title='bbox 623 1968 692 2063; x_wconf 67' lang='lat' dir='ltr'>qus</span> <span class='ocrx_word' id='word_1_90' title='bbox 709 1962 888 2062; x_wconf 86' lang='lat' dir='ltr'>septimani</span> <span class='ocrx_word' id='word_1_91' title='bbox 912 1965 999 2039; x_wconf 91' lang='lat' dir='ltr'>dum</span> <span class='ocrx_word' id='word_1_92' title='bbox 1017 1964 1174 2039; x_wconf 86' lang='lat' dir='ltr'>nituntur</span> 
     </span>
     <span class='ocr_line' id='line_1_15' title="bbox 192 2076 1172 2184; baseline -0.003 -23"><span class='ocrx_word' id='word_1_93' title='bbox 192 2088 322 2179; x_wconf 87' lang='lat' dir='ltr'>cuneis,</span> <span class='ocrx_word' id='word_1_94' title='bbox 347 2076 508 2162; x_wconf 71' lang='lat' dir='ltr'>tertianus</span> <span class='ocrx_word' id='word_1_95' title='bbox 523 2085 698 2160; x_wconf 83' lang='lat' dir='ltr'>securibus</span> <span class='ocrx_word' id='word_1_96' title='bbox 716 2083 906 2184; x_wconf 82' lang='lat' dir='ltr'>gladiisque</span> <span class='ocrx_word' id='word_1_97' title='bbox 934 2106 1071 2182; x_wconf 81' lang='lat' dir='ltr'>portani</span> <span class='ocrx_word' id='word_1_98' title='bbox 1095 2109 1172 2182; x_wconf 83' lang='lat' dir='ltr'>per·</span> 
     </span>
     <span class='ocr_line' id='line_1_16' title="bbox 193 2200 1198 2306; baseline -0.002 -26"><span class='ocrx_word' id='word_1_99' title='bbox 193 2206 306 2306; x_wconf 76' lang='lat' dir='ltr'>fregit.</span> <span class='ocrx_word' id='word_1_100' title='bbox 342 2209 502 2284; x_wconf 90' lang='lat' dir='ltr'>Primum</span> <span class='ocrx_word' id='word_1_101' title='bbox 518 2206 737 2305; x_wconf 83' lang='lat' dir='ltr'>inmpiffe.C.</span> <span class='ocrx_word' id='word_1_102' title='bbox 749 2208 943 2295; x_wconf 80' lang='lat' dir='ltr'>Volusium,</span> <span class='ocrx_word' id='word_1_103' title='bbox 960 2205 1070 2279; x_wconf 81' lang='lat' dir='ltr'>tertiae</span> <span class='ocrx_word' id='word_1_104' title='bbox 1087 2205 1175 2304; x_wconf 85' lang='lat' dir='ltr'>legi·</span> <span class='ocrx_word' id='word_1_105' title='bbox 1196 2200 1198 2203; x_wconf 61' lang='grc'>’</span> 
     </span>
     <span class='ocr_line' id='line_1_17' title="bbox 194 2324 1175 2421; baseline -0.004 -19"><span class='ocrx_word' id='word_1_106' title='bbox 194 2328 271 2403; x_wconf 86' lang='lat' dir='ltr'>onis</span> <span class='ocrx_word' id='word_1_107' title='bbox 287 2329 451 2421; x_wconf 88' lang='lat' dir='ltr'>militem,</span> <span class='ocrx_word' id='word_1_108' title='bbox 480 2330 572 2402; x_wconf 87' lang='lat' dir='ltr'>inter</span> <span class='ocrx_word' id='word_1_109' title='bbox 595 2329 890 2401; x_wconf 69' lang='lat' dir='ltr'>omnes-audlores</span> <span class='ocrx_word' id='word_1_110' title='bbox 907 2324 1068 2399; x_wconf 76' lang='lat' dir='ltr'>constat:</span> <span class='ocrx_word' id='word_1_111' title='bbox 1091 2324 1120 2398; x_wconf 82' lang='lat' dir='ltr'>ia</span> <span class='ocrx_word' id='word_1_112' title='bbox 1137 2325 1175 2398; x_wconf 82' lang='lat' dir='ltr'>in</span> 
     </span>
     <span class='ocr_line' id='line_1_18' title="bbox 194 2445 1297 2550; baseline 0.002 -28"><span class='ocrx_word' id='word_1_113' title='bbox 194 2452 327 2523; x_wconf 83' lang='lat' dir='ltr'>vallum</span> <span class='ocrx_word' id='word_1_114' title='bbox 355 2452 522 2550; x_wconf 75' lang='lat' dir='ltr'>egressus,</span> <span class='ocrx_word' id='word_1_115' title='bbox 553 2446 745 2525; x_wconf 82' lang='lat' dir='ltr'>deturbatis</span> <span class='ocrx_word' id='word_1_116' title='bbox 770 2447 832 2545; x_wconf 88' lang='lat' dir='ltr'>qui</span> <span class='ocrx_word' id='word_1_117' title='bbox 860 2445 1063 2535; x_wconf 79' lang='lat' dir='ltr'>restiterant,</span> <span class='ocrx_word' id='word_1_118' title='bbox 1087 2470 1174 2518; x_wconf 85' lang='lat' dir='ltr'>eon·</span> <span class='ocrx_word' id='word_1_119' title='bbox 1295 2516 1297 2524; x_wconf 29' lang='lat' dir='ltr'><em>s</em></span> 
     </span>
     <span class='ocr_line' id='line_1_19' title="bbox 193 2564 1174 2667; baseline 0 -27"><span class='ocrx_word' id='word_1_120' title='bbox 193 2567 329 2665; x_wconf 87' lang='lat' dir='ltr'>spicuus</span> <span class='ocrx_word' id='word_1_121' title='bbox 346 2596 453 2646; x_wconf 85' lang='lat' dir='ltr'>rnanu</span> <span class='ocrx_word' id='word_1_122' title='bbox 469 2596 510 2645; x_wconf 85' lang='lat' dir='ltr'>ac</span> <span class='ocrx_word' id='word_1_123' title='bbox 525 2595 628 2661; x_wconf 84' lang='lat' dir='ltr'>voce,</span> <span class='ocrx_word' id='word_1_124' title='bbox 656 2576 685 2613; x_wconf 90' lang='lat'><strong>“</strong></span> <span class='ocrx_word' id='word_1_125' title='bbox 704 2590 806 2667; x_wconf 87' lang='lat' dir='ltr'>capta</span> <span class='ocrx_word' id='word_1_126' title='bbox 828 2564 964 2643; x_wconf 67' lang='lat' dir='ltr'>castra&#39;&#39;&#39;</span> <span class='ocrx_word' id='word_1_127' title='bbox 977 2568 1174 2642; x_wconf 81' lang='lat' dir='ltr'>conclama·</span> 
     </span>
     <span class='ocr_line' id='line_1_20' title="bbox 196 2686 1177 2788; baseline 0.004 -31"><span class='ocrx_word' id='word_1_128' title='bbox 196 2688 259 2760; x_wconf 88' lang='lat' dir='ltr'>vit.</span> <span class='ocrx_word' id='word_1_129' title='bbox 310 2690 439 2781; x_wconf 85' lang='lat' dir='ltr'>Ceteri,</span> <span class='ocrx_word' id='word_1_130' title='bbox 463 2690 607 2788; x_wconf 87' lang='lat' dir='ltr'>trepidis</span> <span class='ocrx_word' id='word_1_131' title='bbox 613 2689 689 2788; x_wconf 83' lang='lat' dir='ltr'>jam</span> <span class='ocrx_word' id='word_1_132' title='bbox 704 2689 911 2781; x_wconf 84' lang='lat' dir='ltr'>Vitellianis,</span> <span class='ocrx_word' id='word_1_133' title='bbox 928 2686 1033 2786; x_wconf 87' lang='lat' dir='ltr'>seque</span> <span class='ocrx_word' id='word_1_134' title='bbox 1050 2688 1177 2762; x_wconf 83' lang='lat' dir='ltr'>evallo</span> 
     </span>
     <span class='ocr_line' id='line_1_21' title="bbox 196 2807 1239 2908; baseline 0 -28"><span class='ocrx_word' id='word_1_135' title='bbox 196 2807 506 2906; x_wconf 65' lang='lat' dir='ltr'>praeeipitantibus,</span> <span class='ocrx_word' id='word_1_136' title='bbox 515 2811 720 2907; x_wconf 60' lang='lat' dir='ltr'>perrupsre:</span> <span class='ocrx_word' id='word_1_137' title='bbox 739 2811 935 2908; x_wconf 89' lang='lat' dir='ltr'>completur</span> <span class='ocrx_word' id='word_1_138' title='bbox 945 2810 1053 2898; x_wconf 77' lang='lat' dir='ltr'>caede,</span> <span class='ocrx_word' id='word_1_139' title='bbox 1065 2833 1176 2906; x_wconf 87' lang='lat' dir='ltr'>quan·</span> <span class='ocrx_word' id='word_1_140' title='bbox 1233 2840 1239 2849; x_wconf 91' lang='grc'><em>·</em></span> 
     </span>
     <span class='ocr_line' id='line_1_22' title="bbox 151 2921 1293 3028; baseline 0.004 -28"><span class='ocrx_word' id='word_1_141' title='bbox 151 2952 155 2971; x_wconf 74' lang='grc'>’</span> <span class='ocrx_word' id='word_1_142' title='bbox 197 2949 276 3003; x_wconf 88' lang='lat' dir='ltr'>tum</span> <span class='ocrx_word' id='word_1_143' title='bbox 293 2930 382 3004; x_wconf 91' lang='lat' dir='ltr'>inter</span> <span class='ocrx_word' id='word_1_144' title='bbox 397 2931 504 3004; x_wconf 84' lang='lat' dir='ltr'>castra</span> <span class='ocrx_word' id='word_1_145' title='bbox 521 2927 705 3028; x_wconf 86' lang='lat' dir='ltr'>murosque</span> <span class='ocrx_word' id='word_1_146' title='bbox 720 2931 823 3005; x_wconf 80' lang='lat' dir='ltr'>vacui</span> <span class='ocrx_word' id='word_1_147' title='bbox 845 2930 922 3006; x_wconf 88' lang='lat' dir='ltr'>suit.</span> <span class='ocrx_word' id='word_1_148' title='bbox 1292 2921 1293 2927; x_wconf 31' lang='lat'>¹</span> 
     </span>
     <span class='ocr_line' id='line_1_23' title="bbox 248 3047 1177 3139; baseline 0 -16"><span class='ocrx_word' id='word_1_149' title='bbox 248 3051 371 3123; x_wconf 85' lang='lat' dir='ltr'><strong>XXX.</strong></span> <span class='ocrx_word' id='word_1_150' title='bbox 398 3054 458 3124; x_wconf 82' lang='grc' dir='ltr'>Ατ</span> <span class='ocrx_word' id='word_1_151' title='bbox 483 3047 595 3123; x_wconf 90' lang='lat' dir='ltr'>rursus</span> <span class='ocrx_word' id='word_1_152' title='bbox 612 3074 705 3123; x_wconf 84' lang='lat' dir='ltr'>nova</span> <span class='ocrx_word' id='word_1_153' title='bbox 726 3052 888 3126; x_wconf 84' lang='lat' dir='ltr'>laborum</span> <span class='ocrx_word' id='word_1_154' title='bbox 911 3050 1039 3139; x_wconf 83' lang='lat' dir='ltr'>facies3</span> <span class='ocrx_word' id='word_1_155' title='bbox 1067 3050 1177 3124; x_wconf 79' lang='lat' dir='ltr'>ardua</span> 
     </span>
     <span class='ocr_line' id='line_1_24' title="bbox 193 3168 1175 3270; baseline 0.005 -29"><span class='ocrx_word' id='word_1_156' title='bbox 193 3168 291 3242; x_wconf 85' lang='lat' dir='ltr'>urbis</span> <span class='ocrx_word' id='word_1_157' title='bbox 309 3168 454 3260; x_wconf 85' lang='lat' dir='ltr'>moenia,</span> <span class='ocrx_word' id='word_1_158' title='bbox 465 3171 574 3244; x_wconf 84' lang='lat' dir='ltr'>saxeae</span> <span class='ocrx_word' id='word_1_159' title='bbox 585 3189 707 3261; x_wconf 86' lang='lat' dir='ltr'>turres,</span> <span class='ocrx_word' id='word_1_160' title='bbox 725 3168 839 3245; x_wconf 86' lang='lat' dir='ltr'>ferrati</span> <span class='ocrx_word' id='word_1_161' title='bbox 853 3194 1028 3270; x_wconf 88' lang='lat' dir='ltr'>portarum</span> <span class='ocrx_word' id='word_1_162' title='bbox 1044 3173 1175 3260; x_wconf 86' lang='lat' dir='ltr'>obices,</span> 
     </span>
     <span class='ocr_line' id='line_1_25' title="bbox 193 3288 1178 3389; baseline 0.007 -29"><span class='ocrx_word' id='word_1_163' title='bbox 193 3290 338 3363; x_wconf 81' lang='lat' dir='ltr'>vibrans</span> <span class='ocrx_word' id='word_1_164' title='bbox 354 3292 423 3364; x_wconf 82' lang='lat' dir='ltr'>tela</span> <span class='ocrx_word' id='word_1_165' title='bbox 442 3289 559 3382; x_wconf 87' lang='lat' dir='ltr'>miles,</span> <span class='ocrx_word' id='word_1_166' title='bbox 583 3288 746 3389; x_wconf 86' lang='lat' dir='ltr'>frequens</span> <span class='ocrx_word' id='word_1_167' title='bbox 760 3290 1008 3389; x_wconf 77' lang='lat' dir='ltr'>obstrislusque</span> <span class='ocrx_word' id='word_1_168' title='bbox 1024 3292 1178 3367; x_wconf 89' lang='lat' dir='ltr'>Vitellia·</span> 
     </span>
     <span class='ocr_line' id='line_1_26' title="bbox 192 3409 1178 3510; baseline 0.005 -28"><span class='ocrx_word' id='word_1_169' title='bbox 192 3409 248 3482; x_wconf 87' lang='lat' dir='ltr'>nis</span> <span class='ocrx_word' id='word_1_170' title='bbox 277 3409 433 3508; x_wconf 88' lang='lat' dir='ltr'>partibus</span> <span class='ocrx_word' id='word_1_171' title='bbox 459 3412 700 3486; x_wconf 74' lang='lat' dir='ltr'>Cremonensis</span> <span class='ocrx_word' id='word_1_172' title='bbox 734 3411 901 3508; x_wconf 90' lang='lat' dir='ltr'>populus,</span> <span class='ocrx_word' id='word_1_173' title='bbox 941 3435 1071 3510; x_wconf 82' lang='lat' dir='ltr'>magna</span> <span class='ocrx_word' id='word_1_174' title='bbox 1101 3421 1178 3510; x_wconf 82' lang='lat' dir='ltr'>par&#39;s</span> 
     </span>
     <span class='ocr_line' id='line_1_27' title="bbox 194 3529 1174 3630; baseline 0.002 -27"><span class='ocrx_word' id='word_1_175' title='bbox 194 3530 321 3622; x_wconf 72' lang='lat' dir='ltr'>ltalia,</span> <span class='ocrx_word' id='word_1_176' title='bbox 346 3529 435 3604; x_wconf 82' lang='lat' dir='ltr'>stato</span> <span class='ocrx_word' id='word_1_177' title='bbox 458 3531 494 3604; x_wconf 91' lang='lat' dir='ltr'>in</span> <span class='ocrx_word' id='word_1_178' title='bbox 510 3530 651 3606; x_wconf 88' lang='lat' dir='ltr'>eosdem</span> <span class='ocrx_word' id='word_1_179' title='bbox 676 3531 750 3604; x_wconf 84' lang='lat' dir='ltr'>dies</span> <span class='ocrx_word' id='word_1_180' title='bbox 768 3547 922 3603; x_wconf 89' lang='lat' dir='ltr'>mercatu</span> <span class='ocrx_word' id='word_1_181' title='bbox 938 3553 1174 3630; x_wconf 87' lang='lat' dir='ltr'>congregata:</span> 
     </span>
     <span class='ocr_line' id='line_1_28' title="bbox 192 3648 1274 3748; baseline -0.002 -25"><span class='ocrx_word' id='word_1_182' title='bbox 192 3653 294 3748; x_wconf 89' lang='lat' dir='ltr'>quod</span> <span class='ocrx_word' id='word_1_183' title='bbox 327 3649 564 3726; x_wconf 84' lang='lat' dir='ltr'>defensoribus</span> <span class='ocrx_word' id='word_1_184' title='bbox 606 3648 778 3725; x_wconf 83' lang='lat' dir='ltr'>auxilium</span> <span class='ocrx_word' id='word_1_185' title='bbox 818 3652 867 3724; x_wconf 93' lang='lat' dir='ltr'>ob</span> <span class='ocrx_word' id='word_1_186' title='bbox 901 3651 1176 3738; x_wconf 85' lang='lat' dir='ltr'>multitudinem,</span> <span class='ocrx_word' id='word_1_187' title='bbox 1271 3700 1274 3715; x_wconf 82' lang='lat'>.</span> 
     </span>
     <span class='ocr_line' id='line_1_29' title="bbox 196 3768 1197 3875; baseline -0.011 -24.011"><span class='ocrx_word' id='word_1_188' title='bbox 196 3771 483 3875; x_wconf 84' lang='lat' dir='ltr'>oppugnantibus</span> <span class='ocrx_word' id='word_1_189' title='bbox 517 3768 783 3846; x_wconf 87' lang='lat' dir='ltr'>incitamentum</span> <span class='ocrx_word' id='word_1_190' title='bbox 817 3773 865 3848; x_wconf 93' lang='lat' dir='ltr'>ob</span> <span class='ocrx_word' id='word_1_191' title='bbox 901 3771 1055 3867; x_wconf 85' lang='lat' dir='ltr'>praedam</span> <span class='ocrx_word' id='word_1_192' title='bbox 1093 3789 1197 3841; x_wconf 51' lang='lat' dir='ltr'>erat,</span> 
     </span>
    </p>
   </div>
   <div class='ocr_carea' id='block_1_5' title="bbox 0 0 1439 4704">
    <p class='ocr_par' dir='ltr' id='par_1_6' title="bbox 0 0 1439 4704">
     <span class='ocr_line' id='line_1_30' title="bbox 0 0 1439 4704; baseline 0 0"><span class='ocrx_word' id='word_1_193' title='bbox 0 0 1439 4704; x_wconf 95' lang='lat' dir='ltr'> </span> 
     </span>
    </p>
   </div>
  </div>
 </body>
</html>
