2806 4694
220 320 305 402 '⁶2
379 377 382 382 -
491 320 535 396 C.
567 316 1068 402 consummem

256 507 292 578 δε
314 499 430 578 statim
453 507 640 604 cognitum
666 505 731 597 est,
762 504 966 582 conversam
988 509 1034 582 ad
1056 503 1240 584 Vitellium

131 664 134 670 ¹
220 622 472 722 Hispaniam.
521 626 581 700 Ne
610 626 803 724 Aquitania
831 628 991 726 quidem,
1021 655 1240 727 quamquam

252 771 275 818 a
306 744 404 840 Julio
430 746 550 822 Cordo
579 746 617 819 in
645 751 753 826 verba
784 748 936 824 Othonis
965 749 1142 842 obstridla,
1177 750 1241 824 diu

250 869 388 942 mansit.
439 864 626 964 Nusquam
644 870 745 960 fides,
777 890 836 943 aut
853 896 975 944 amor:
1006 893 1104 945 metu
1122 896 1162 945 ac
1179 897 1240 945 ne-

250 991 400 1063 cessitate
427 988 498 1061 huc
524 987 609 1078 illue
633 991 870 1065 mutabantur.
923 993 1059 1066 Eadem
1085 991 1240 1065 formido
1314 1016 1322 1028 ’

250 1107 472 1207 provinciam
509 1108 781 1184 Narbonensem
820 1114 866 1184 ad
902 1112 1087 1187 Vitellium
1120 1111 1239 1203 vertit,

195 1270 199 1277 ·
240 1220 340 1304 wsacili
366 1234 509 1316 transitu
535 1231 581 1303 ad
600 1229 781 1328 proximos
808 1234 842 1303 δι
878 1232 1076 1317 ualidiores.
1136 1237 1237 1307 Lon·

249 1350 391 1450 ginquae
425 1349 631 1449 provinciae,
668 1355 703 1423 δε
736 1349 913 1449 quidquid
942 1364 1120 1427 armorum
1152 1355 1241 1429 mati

247 1471 439 1562 dirimitur,
466 1497 572 1571 penes
601 1472 786 1546 Othonem
820 1476 1025 1565 manebant,
1058 1501 1136 1549 non
1160 1501 1238 1575 pat·-

247 1593 340 1668 tium
356 1592 472 1666 studio
480 1621 491 1682 ;
516 1591 674 1667 sederat
700 1594 835 1692 grande
857 1615 1081 1669 momentum
1107 1595 1143 1667 in
1172 1622 1238 1669 no·

247 1715 345 1789 mine
361 1712 484 1805 Urbis,
509 1740 550 1790 ac
572 1734 744 1813 praetextu
771 1712 929 1790 senatus:
951 1721 984 1789 ὃ(
1003 1735 1237 1814 occupaverat

250 1835 387 1911 mimos
403 1836 499 1935 prior
517 1835 668 1910 auditus.
719 1836 912 1932 Judaicum
936 1836 1129 1912 exercitum
1143 1834 1236 1911 'Ves-

249 1961 423 2055 pasianus,
462 1954 570 2053 Syriae
602 1956 755 2055 legiones
796 1958 987 2032 Mucianus
1026 1955 1239 2033 sacramento

246 2075 399 2150 Othonis
433 2076 594 2174 adegere.
659 2076 772 2151 Simul
813 2078 1007 2177 AEgyptus,
1046 2078 1237 2177 omnesque
1335 2063 1336 2067 Ἰ

247 2195 352 2273 versae
373 2195 411 2270 iu
440 2195 621 2271 Orientem
647 2197 849 2295 provinciae,
879 2198 1022 2273 nomine
1043 2196 1115 2296 ejus
1139 2219 1236 2290 tene·

247 2321 390 2393 bantur.
437 2319 539 2394 Idem
568 2314 699 2392 Africae
724 2318 946 2417 obsequium,
975 2318 1075 2393 initio
1103 2345 1124 2393 a
1151 2320 1236 2393 Car·
1324 2308 1329 2322 '¹

247 2441 391 2542 thagine
417 2461 507 2515 orto.
556 2442 686 2540 Neque
711 2439 906 2538 exspeclatd
930 2421 1087 2537 Vipstani
1113 2444 1233 2536 Apro·

248 2561 360 2652 niani,
383 2560 609 2659 proconsulis,
638 2560 856 2650 auctoritate,
883 2558 1060 2652 Crescens,
1082 2559 1239 2633 Neronis
1360 2587 1365 2599 ²

246 2683 389 2756 libertus
418 2684 520 2779 (nam
549 2687 583 2757 ἃ
610 2680 647 2756 hi
670 2680 770 2756 malis
793 2679 1012 2778 temporibus
1042 2701 1180 2778 partem
1202 2678 1238 2755 se

246 2802 448 2902 reipublicae
465 2803 616 2898 faciunt)
634 2803 780 2902 epulum
799 2800 912 2900 plebi,
938 2804 987 2877 ob
1004 2792 1165 2877 laetitiam
1181 2826 1236 2875 re-

207 2959 215 2976 ·
246 2924 358 2998 centis
390 2924 540 3025 imperii,
578 2926 779 3000 obtuleratt
821 2926 856 2997 ὅτ
876 2923 1038 3021 »populus
1070 2925 1237 3021 pleraque

247 3049 319 3121 fine
352 3048 462 3121 modo
490 3045 674 3121 festinavit.
724 3045 973 3144 Carthaginem
999 3036 1124 3119 ceterae‘
1148 3041 1236 3115 civi·

248 3185 335 3242 tates
358 3165 496 3243 secutae.
544 3166 602 3241 Sic
625 3165 795 3241 distraelis
811 3164 1022 3269 exercitibus
1038 3190 1079 3238 ac
1094 3162 1236 3263 provin·

246 3288 325 3381 ciis,
353 3272 495 3364 Vitellio
521 3286 666 3386 quidem
688 3288 738 3362 ad
762 3288 1005 3387 capessendam
1023 3283 1238 3386 principatds

250 3409 427 3486 fortunam
445 3411 539 3485 bello
555 3435 646 3509 opus
663 3424 744 3483 erat.

289 3532 480 3606 LXXVII.
492 3531 622 3621 Orno,
636 3550 676 3604 ut
693 3530 729 3603 iu
746 3531 855 3605 mults
871 3556 970 3628 paee,
985 3530 1107 3606 munia
1123 3529 1237 3628 impe·
1352 3584 1353 3587 ,

250 3653 293 3731 rii
316 3650 460 3728 obibat:
488 3652 653 3750 quaedam
669 3676 716 3725 ex
731 3650 904 3751 dignitate
920 3651 1133 3750 reipublicae,
1160 3652 1247 3764 ple-⁰

208 3856 211 3876 Ι
251 3801 360 3877 mque
376 3792 498 3850 contra
525 3772 647 3863 decus,
677 3795 723 3847 ex
747 3769 906 3873 praesenti
922 3771 983 3848 usu
1002 3769 1238 3874 properando.
