2806 4694
254 323 305 425 64
447 329 1040 410 C.Cottusst11TActrl

252 532 316 605 per
330 503 654 584 senatusconsultum
671 510 832 610 reposuit.
881 510 1042 585 Creditus
1057 508 1106 584 est
1122 497 1229 585 etiam

251 628 297 701 de
333 626 539 702 celebranda
567 632 917 705 Neronis'memorid
944 631 1134 729 agitavisse,
1169 628 1230 727 spe
1289 624 1292 627 ‘

160 760 161 763 ’
250 749 399 847 vulgum
416 748 588 823 alliciendi
605 779 624 837 ε7
642 756 675 825 a
693 750 804 856 subse,
835 751 896 849 qui
926 750 1094 849 imagines
1110 752 1227 824 Nero·

248 867 301 941 nis
318 890 577 966 proponerent:
608 892 712 968 atque
729 872 831 946 etiam
848 871 999 963 Othoni,
1022 870 1234 968 quibusdam

156 1033 171 1051 ·
207 1085 212 1092 Ι
248 988 373 1063 diebus
392 991 545 1087 populus
562 994 596 1064 δι
613 980 728 1082 miles,
751 1012 931 1091 tamquam
947 991 1164 1065 nobilitatem
1187 1013 1229 1064 ac

246 1111 354 1184 decus
383 1111 610 1198 adstruerent,
647 1133 798 1210 nunour
826 1137 972 1185 oruom
1001 1112 1225 1185 adclamavit.

196 1313 198 1318 ³
242 1230 326 1331 -lpse
348 1231 385 1304 in
406 1223 565 1328 suspenso
579 1231 708 1322 tenuit,
739 1230 879 1304 vetandi
897 1251 1009 1323 metu,
1032 1234 1090 1305 vel
1106 1231 1229 1332 agnos-

247 1352 350 1428 cendi
375 1352 520 1450 pudore.

296 1474 473 1547 LXXIX.
497 1473 721 1546 Convansts
738 1474 782 1546 ad
803 1472 907 1547 civile
926 1475 1063 1548 bellum
1088 1472 1228 1565 animis,

247 1613 389 1668 externa
428 1596 497 1666 fine
536 1597 619 1667 cura
654 1594 882 1667 habebantur.
946 1593 1001 1666 Εὸ
1046 1594 1230 1668 audentius

197 1754 209 1819 '‚
238 1712 466 1804 Rhoxolani,
511 1713 699 1788 Sarmatica
728 1739 827 1813 gens,
854 1714 968 1812 priore
990 1714 1105 1788 hieme
1136 1717 1230 1789 caesrs

246 1835 383 1908 duabus
399 1833 615 1925 cohortibus,
634 1838 763 1932 magud
790 1833 850 1933 spe
874 1837 919 1908 ad
948 1839 1115 1909 Moesiam
1133 1834 1227 1911 inru-

247 1973 389 2052 perant:
420 1980 550 2027 novem
568 1954 678 2028 millia
694 1955 868 2052 equitum,
891 1982 935 2030 ex
954 1955 1081 2029 ferocia
1097 1960 1131 2031 &
1155 1954 1229 2030 suc-

128 2103 133 2116 ·
247 2077 355 2166 ceffu,
382 2075 509 2172 praedae
526 2074 651 2174 magis,
682 2076 792 2174 quam
810 2101 939 2173 pugnae
956 2074 1100 2148 intenta.
1150 2076 1225 2174 lgi-

247 2215 308 2296 tur
334 2221 445 2294 vagos
476 2201 510 2270 ὅτ
539 2193 739 2286 incuriosos,
772 2195 872 2270 tertia
911 2195 1018 2294 legio,
1059 2194 1228 2293 adjunctis

246 2316 399 2409 auxiliis,
425 2316 568 2415 repente
596 2317 736 2392 invasu:
777 2318 874 2415 apud
900 2321 1081 2391 Romanos
1104 2315 1227 2391 omnia

246 2438 375 2538 proelio
403 2458 504 2535 apta:
535 2441 698 2512 Sarmatae
725 2436 863 2535 dispersi
879 2435 1055 2533 ‚cupidine
1082 2437 1224 2534 praedae,

245 2582 306 2634 aut
329 2579 450 2660 graves
471 2583 575 2632 onere
598 2557 820 2646 sarcinarum,
846 2561 880 2631 δι
904 2556 1039 2630 lubrico
1057 2544 1224 2631 itinerum

246 2680 411 2776 adempta
420 2704 600 2776 ‚equorum
618 2676 835 2775 pernicitate,
862 2679 959 2750 velut
983 2677 1091 2751 vincli
1114 2680 1228 2753 caede·

247 2801 386 2874 bantur.
435 2803 602 2899 Namque
620 2798 749 2872 mirum
766 2799 876 2890 dictu,
897 2819 938 2873 ut
961 2802 1002 2873 stt
1020 2797 1135 2874 omnis
1151 2804 1228 2876 Sar-
1277 2843 1280 2850 ν

248 2938 424 2995 matarum
451 2920 577 3012 virtus,
608 2923 706 2994 velut
731 2941 830 2995 extra
851 2919 964 3018 ipsos:
995 2918 1082 2993 nihil
1104 2921 1147 2993 ad
1166 2945 1227 3019 pe-

135 3079 138 3084 ·
244 3040 394 3146 destrem
422 3068 579 3140 pugnam
607 3043 680 3114 tam
714 3041 901 3139 ignavum3
929 3039 990 3150 ubi
1014 3063 1075 3136 per
1095 3057 1228 3114 turmas
1314 3101 1316 3110 .

246 3162 435 3252 advenere,
465 3157 527 3236 vix
556 3163 628 3234 ulla
646 3160 735 3234 acies
753 3160 932 3235 obstiterit.
981 3160 1048 3233 Sed
1066 3179 1142 3233 tum
1158 3161 1227 3232 hu·

245 3283 345 3382 mido
362 3283 434 3374 die,
453 3287 487 3357 δι
505 3281 618 3356 soluto
642 3283 737 3380 gelu,
755 3307 871 3380 neque
886 3279 996 3371 conti,
1020 3305 1134 3379 neque
1150 3281 1225 3378 gla-

244 3402 310 3496 dii,
335 3428 424 3502 quos
452 3404 654 3500 praelongos
681 3404 828 3499 utraque
850 3428 959 3476 manu
980 3422 1118 3501 regunt,
1135 3399 1225 3492 usui,

245 3522 455 3622 lapsantibus
471 3521 583 3620 equis,
603 3526 638 3595 &
656 3524 951 3620 cataphraelarum
969 3521 1135 3619 pondere.
1184 3524 1227 3596 ld
1300 3597 1302 3604 ,

249 3640 515 3743 principibus&
532 3641 744 3716 nobilissimo
768 3642 895 3740 cuique
922 3660 1080 3740 tegmen,
1110 3640 1230 3715 ferreis

247 3765 398 3858 laminis,
425 3784 485 3837 aut
509 3764 667 3863 praeduro
683 3762 780 3838 corio
797 3761 1017 3852 consertum3
1047 3783 1088 3838 ut
1103 3766 1230 3839 adver·
