2844 4704
355 343 743 416 Hrsrotrrnnonr
778 340 886 414 Lra.
925 345 971 414 ll.
1089 369 1154 442 ¹²3

186 517 295 593 Causa
324 520 480 617 fingendi
507 518 586 609 fuit,
610 540 647 592 ut
671 519 864 615 diplomata
886 517 1050 607 Othonis,
1079 544 1158 616 quae

185 639 464 738 negligebantur,
495 640 627 714 laetiore
650 639 771 714 nuntio
807 636 1070 713 revalescerent.¹
1110 641 1159 712 Et

185 760 318 835 Coenus
339 759 482 858 quidem
512 759 629 857 rapide
656 760 691 832 in
707 762 846 833 Urbem
869 761 1002 849 vedius,
1034 783 1159 855 paucos

164 881 262 977 'post
294 880 381 971 dies,
400 880 494 979 juffu
514 880 659 965 Vitellii⁴
681 906 802 977 poenas
835 880 910 953 luit.
960 878 1161 954 Senatorum

187 1000 382 1098 periculum
407 1004 562 1090 anetum,
593 1000 811 1074 credentibus
835 998 1040 1074 Othonianis
1069 999 1159 1072 mili-

187 1120 280 1194 tibus
313 1145 393 1194 vera
425 1123 504 1210 effe,
538 1146 616 1218 quae
645 1119 899 1194 adferebantur.
954 1123 1161 1195 intendebat

183 1238 429 1329 formidinem,
456 1240 552 1337 quo'd
570 1240 700 1337 publici
718 1240 847 1313 confilii
864 1239 962 1329 facie,
980 1239 1161 1316 discessum

184 1361 346 1449 Mutina,
373 1359 579 1457 desertaque
602 1380 713 1457 partes
741 1357 862 1434 forent.
911 1363 989 1434 Nec
1012 1362 1101 1434 ultra
1125 1362 1162 1436 in

188 1504 381 1567 commune
397 1483 576 1576 congredi,
609 1481 666 1554 fibi
686 1478 829 1578 quisque
845 1478 1063 1565 consuluere:
1096 1484 1160 1554 do·

189 1625 255 1676 nec
290 1600 396 1674 miffae
421 1627 442 1675 a
469 1600 585 1707 *Fabio
613 1602 764 1680 Valente
784 1599 953 1696 epistola,
983 1603 1162 1679 demerent
1307 1682 1311 1686 ,

188 1740 336 1800 metum.
387 1723 435 1800 Et
463 1711 556 1796 mors
582 1720 745 1812 Othonis,
776 1720 847 1820 quo
875 1721 1090 1815 laudabilior,
1119 1722 1162 1803 eo

186 1841 346 1923 uelocius¹
366 1840 494 1919 audita.

188 2020 192 2025 .
237 1961 317 2037 LV.
343 1966 403 2035 Ar
436 1965 562 2038 Romae
595 1963 682 2037 nihil
708 1964 967 2062 trepidationis:
1003 1967 1160 2040 Cereales

190 2080 264 2163 ludi
292 2107 338 2156 ex
364 2108 458 2155 more
485 2081 737 2180 spedlabantur.
798 2088 851 2160 Ut
887 2094 913 2128 “
932 2089 1055 2167 ceffiss'e
1088 2086 1162 2160 vird

190 2208 218 2246 “
236 2204 429 2293 Othonem,
454 2209 487 2277 δι
511 2204 827 2296 aFlaviosabino,
853 2205 1012 2302 praefedto
1036 2206 1160 2297 Urbis,
1305 2258 1306 2261 =

189 2328 216 2366 “
235 2325 331 2421 quod
354 2343 427 2398 erat
448 2323 485 2396 in
501 2326 604 2397 Urbe
621 2324 770 2399 militum
794 2325 1007 2400 sacramento
1031 2325 1162 2399 Vitellii

189 2449 218 2486 “
235 2444 437 2534 adastum,’'
451 2444 535 2519 certi
552 2447 708 2518 audores
726 2445 763 2518 in
775 2447 946 2519 theatrum
963 2447 1161 2534 attulerunt,

188 2563 329 2643 Vitellio
348 2565 524 2661 plauserez
551 2566 714 2662 populus,
733 2593 816 2646 cum
832 2567 931 2640 lauru
948 2591 988 2640 ac
1001 2566 1157 2655 floribus,

190 2685 312 2759 Galbae
336 2684 503 2782 imagines'
524 2684 659 2765 circum
676 2688 807 2783 templa
827 2687 918 2776 tulit,
940 2685 1109 2785 congestis
1126 2685 1162 2763 itt

76 2863 86 2873 .
189 2804 339 2883 modum
355 2804 481 2882 tumuli
497 2805 649 2895 coronis,
667 2802 769 2903 juxta
781 2809 896 2888 lacum
909 2807 1033 2897 Curtii,
1056 2833 1162 2904 quem

190 2925 311 2997 locum
335 2924 448 3003 Galba
474 2924 620 2999 moriens
643 2925 809 3024 sanguine
826 2925 1001 3004 infecerat.
1050 2932 1092 3002 ln
1113 2928 1162 3001 se·

190 3044 427 3133 natu,eun6la
450 3044 562 3143 longis
583 3045 730 3123 aliorum
754 3047 1160 3146 principatibuscompo-

189 3167 250 3238 fita
266 3164 380 3240 statim
406 3165 648 3238 decernuntur.
700 3166 842 3246 Addirae
866 3176 893 3210 “
912 3193 996 3266 erga
1015 3162 1163 3242 Germa-

188 3292 219 3336 1“
235 3285 333 3358 nicos
349 3284 519 3359 exercitus
544 3287 674 3375 laudes,
694 3285 872 3385 gratesque
886 3289 923 3358 :'’
945 3293 978 3360 δι
996 3286 1094 3362 miss'a
1115 3290 1162 3362 le·

189 3403 295 3501 gatio,
330 3431 408 3504 quae
443 3404 572 3502 gaudio
604 3403 815 3503 fungeretur.
866 3406 1033 3481 Recitata
1065 3409 1163 3483 Fabii

188 3524 342 3610 ¹Valentis
368 3524 534 3623 epistolae,
565 3526 610 3598 ad
636 3527 790 3599 consules
814 3524 947 3623 scriptae
975 3529 1068 3602 haud
1095 3529 1162 3600 im,

189 3644 390 3725 moderate:
422 3645 552 3744 gratior
576 3644 725 3731 Caecina
755 3645 924 3730 modestia
952 3646 1030 3740 fuit,
1066 3647 1162 3754 quod

189 3788 261 3850 non
278 3761 464 3874 scripfiffet
510 3854 512 3859 .
