2766 4658
338 346 954 434 ‹Hrsionrttttunr·Lta.‘V.
1065 350 1150 451 '335

164 524 205 572 '“
221 544 308 618 tem,
332 510 428 625 poffe
449 526 567 602 medio
588 524 787 624 intercipi.''
836 524 976 620 Quibus
1000 523 1154 598 obvene-

162 668 252 721 -rant
268 648 377 722 castra
400 650 690 751 decumanorum,
717 645 1022 745 oppugnationem
1044 645 1154 744 legio·

161 769 227 843 *nis
252 771 397 844 arduam
426 755 503 859 rati,
527 771 699 868 egressum
726 768 890 856 militem,
917 769 954 838 ’δι
983 764 1157 838 caedendis

144 970 148 987 Ι
163 890 324 965 materiis
340 913 540 989 operatum,
564 891 757 979 turbavere,
777 884 1071 985 occiso-prasesio
1087 883 1158 959 cas-

166 1030 322 1102 trorum,
347 1011 556 1108 &quinque
573 1007 1052 1108 primoribuscenturionum,
1072 1032 1159 1104 pau·
1193 994 1195 999 ¹

166 1130 295 1229 «cisque
312 1121 490 1205 militibus.
522 1131 656 1205 .Ceteti
672 1130 705 1204 se
722 1127 948 1204 munimentis
960 1117 1164 1202 defendere

120 1276 123 1282 ·
177 1254 226 1326 Et
243 1252 382 1326 interim
395 1255 652 1326 Germanorum
665 1276 788 1325 manus
802 1250 1009 1324 Batavoduri
1026 1249 1160 1322 inrum·

178 1397 260 1471 pere
280 1373 485 1469 inchoatum
503 1394 646 1471 pontem
672 1373 882 1447 nitebantur.
933 1369 1161 1468 Ambiguum

179 1494 345 1593 proeliunt
361 1520 435 1567 nort
452 1493 604 1567 diremit.

227 1619 332 1691 XXI.
358 1617 459 1689 Pius
483 1611 690 1688 discriminis
714 1614 810 1711 apu'd
834 1612 983 1687 Grinnes
1007 1612 1161 1686 Vadam·
1288 1713 1289 1716 Ἴ

178 1761 259 1834 que.
307 1738 445 1810 Vadam
457 1732 591 1826 Civilis,
609 1734 759 1808 Grinnes
775 1735 951 1827 Classicus,
976 1756 1161 1832 oppugna·
1232 1720 1252 1761 '¹
1373 1719 1376 1724 ¹

178 1859 287 1931 bant:
312 1882 377 1932 nec
394 1857 458 1932 fisti
478 1876 651 1954 poterant,
671 1856 849 1944 intersedio
867 1855 1048 1930 fortissimo
1064 1879 1161 1953 -quo-

179 2003 271 2076 que;
291 1979 327 2052 in
341 1978 668 2078 quisBriganticus,
684 1977 865 2076 praefedus
882 1979 960 2068 alae,
978 1977 1163 2064 ceciderat,

177 2125 284 2198 quem
298 2102 410 2174 fidum
429 2100 615 2190 Romanis,
636 2098 788 2172 &Civili
805 2098 979 2171 avunculo
992 2093 1165 2170 insensum

175 2220 341 2295 diximus.
391 2223 460 2296 Sed
488 2221 549 2296 ubi
577 2218 722 2295 Cerialis
742 2244 824 2292 cum
843 2218 974 2290 delecta
1001 2217 1165 2314 equitum

163 2367 287 2414 vtuanu
318 2341 491 2431 subvenit,
526 2344 623 2416 versi
656 2338 807 2429 fortuna,
850 2336 1042 2437 praecipites
1075 2339 1163 2410 Ger-

146 2515 149 2520 r
177 2460 274 2533 mani
292 2460 328 2533 in
346 2486 488 2535 amnem
513 2485 678 2563 aguntur.
732 2460 866 2551 Civilis,
885 2460 974 2532 dum
990 2457 1165 2557 fugientes

180 2601 338 2672 retentat,
374 2582 528 2681 agnitus,
564 2583 760 2682 petitusque
786 2582 877 2671 telis,
908 2580 1027 2655 renero
1056 2605 1164 2677 equo,

164 2702 386 2775 *tranatavitz
420 2703 515 2777 idem
544 2705 730 2778 Germanis
762 2703 946 2801 effugium.
995 2702 1167 2783 Tutorem

181 2822 438 2920 Clafficuntque
466 2826 617 2922 adpuisae
650 2825 769 2899 lintres
798 2822 935 2898 veniere.
1000 2823 1165 2896 Netum
1282 2899 1286 2903 ,

101 2945 104 2956 ’
178 2941 327 3040 quidem
345 2946 508 3018 Romana
531 2947 639 3019 classrs
668 2971 797 3045 pugnae
826 2943 949 3035 adsuit,
974 2963 1014 3017 ut
1033 2941 1166 3041 jussum

182 3081 273 3136 erat:
299 3062 358 3137 sed
379 3065 513 3139 obstitit
532 3065 698 3156 formido,
719 3073 751 3142 δι
772 3067 922 3166 remiges
940 3092 1001 3164 per
1017 3065 1084 3139 alia
1100 3064 1165 3138 mi·
1209 3063 1215 3155 }

182 3183 266 3258 litiae
284 3184 403 3258 munia
424 3185 574 3284 disperfi.
624 3187 711 3260 Sane
728 3186 869 3261 Cerialis
887 3212 1010 3284 parurn
1028 3207 1166 3285 ternpo-

180 3305 226 3378 ris
250 3306 295 3379 ad
313 3304 531 3405 exsequenda
548 3309 691 3406 imperia
706 3309 829 3394 daban
856 3305 986 3380 subitus
1002 3309 1165 3399 consiliis,

179 3427 237 3501 sed
255 3449 382 3503 eventu
395 3428 516 3501 clarus.
568 3430 701 3502 Aderat
718 3427 870 3517 fortuna,
885 3428 988 3500 etiam
1007 3431 1067 3504 ubi
1080 3449 1165 3502 artes

180 3545 388 3624 defuissent:
407 3547 489 3623 hinc
506 3546 566 3646 ipsr
579 3548 818 3646 exercituique
834 3531 1052 3623 minorcura
1064 3549 1164 3624 disci·

184 3668 301 3765 piinae.
354 3673 400 3743 Et
419 3696 547 3768 paucos
574 3669 648 3769 post
675 3669 762 3759 dies,
787 3695 1002 3768 quamquam
1030 3668 1164 3766 pericu-

76 3861 80 3871 ,
184 3790 258 3863 lum
277 3791 487 3890 captivitatis
504 3792 671 3882 evasisset,
690 3789 869 3865 infamiam
886 3818 956 3865 non
974 3788 1104 3862 vitavit.
