2820 4694
342 332 737 431 Hrsrannrnnr
769 269 881 403 isra.
913 330 980 403 IV.
1079 332 1160 424 261

170 503 392 585 finduntur:
423 529 530 604 eques
558 506 675 595 erasit,
701 530 790 578 cum
810 501 913 601 signis
929 500 1158 601 captivisque,

172 653 261 726 quos
288 626 398 725 prima
420 626 494 713 acie
520 623 771 722 corripuerant.
799 621 997 721 caesorum
1023 648 1065 697 eo
1088 627 1159 717 die,

173 747 210 822 in
236 746 391 846 partibus
410 746 546 838 nostris,
573 744 683 844 major
711 769 874 822 numerus
899 747 933 818 δι
958 742 1160 838 imbellior3

172 893 194 943 e
211 868 411 959 Germanis,
436 865 507 965 ipsa
524 869 663 940 robora

221 980 394 1066 XXXIV.
420 991 513 1063 Dux
539 1009 698 1086 uterque,
726 986 799 1084 pari
816 987 920 1083 culp&
936 987 1079 1061 meritus
1096 988 1159 1061 ad-

120 1114 123 1119 ’
174 1110 283 1205 versa,
310 1109 479 1210 prosperis
505 1105 659 1200 defuere.
710 1110 808 1182 Nam
834 1106 971 1198 Civilis,
998 1112 1022 1183 sr
1050 1108 1159 1208 majo-

170 1231 271 1307 ribus
298 1231 411 1328 copiis
436 1228 644 1304 instruxisset
670 1228 806 1316 aciem3
837 1227 1013 1302 circumiri
1040 1250 1161 1308 atam

176 1353 298 1450 paucis
331 1351 531 1426 cohortibus
568 1350 750 1448 nequisset,
787 1349 965 1449 castraque
998 1373 1162 1449 perrupta

98 1462 100 1465 ¹
171 1471 382 1547 exscidiffet.
431 1473 581 1561 Vocula,
608 1497 672 1545 nec
701 1470 895 1544 adventum
917 1471 1067 1546 hostium
1094 1497 1157 1546 ex·

175 1594 336 1692 ploravit,
366 1594 479 1692 eoque
508 1593 608 1665 fimul
626 1592 801 1696 egressus,
831 1591 1038 1691 virtusque:
1075 1592 1158 1667 dein

93 1710 95 1712 ’
174 1714 326 1788 visloriae
342 1740 463 1812 parum
481 1711 643 1804 confisus,
661 1711 747 1784 tritis
765 1710 891 1785 frustra
902 1712 1040 1807 diebus,
1053 1714 1162 1790 castra

174 1834 212 1909 in
235 1835 369 1910 hostem
391 1834 525 1908 movit:
558 1858 666 1932 quem
689 1831 843 1906 fistatim
861 1832 1053 1932 impellere,
1081 1861 1159 1910 cur·

174 1954 321 2053 sumque
347 1979 463 2028 rerum
481 1954 576 2054 sequi
593 1956 814 2041 maturasset;
840 1953 969 2030 solvere
986 1957 1161 2032 obfidium
1253 1938 1256 1942 Δ

174 2071 356 2174 legionum
382 2078 510 2150 eodem
535 2075 670 2173 impetu
698 2074 823 2172 potuit.
872 2077 1085 2153 Tentaverat
1104 2078 1158 2151 in-

172 2187 273 2272 terim
298 2196 422 2272 Civilis
448 2196 660 2272 obsessorum
691 2194 841 2285 animos,
872 2215 1055 2295 tamquam
1082 2222 1158 2295 per-

119 2310 122 2317 ’
171 2317 256 2392 ditae
283 2320 377 2418 apud
405 2322 590 2416 Romanos
618 2342 683 2407 res,
712 2321 746 2390 δι
772 2313 838 2390 suis
863 2314 1006 2390 vistoria
1031 2342 1157 2415 prove-

172 2437 284 2511 niffet.
334 2435 680 2515 Circumferebantur
697 2441 792 2536 signa
807 2438 1021 2537 vexillaque:
1048 2439 1160 2513 osten-

125 2576 127 2579 ’
174 2558 238 2630 tati
266 2558 371 2632 etiam
399 2558 556 2656 captivi:
602 2585 647 2632 ex
682 2559 810 2658 quibus
836 2586 941 2652 unus,
975 2559 1160 2659 egregium

67 2768 70 2783 .
175 2675 310 2750 facinus
327 2677 439 2768 ausus,
465 2681 557 2754 clara
571 2706 659 2754 voce
676 2681 769 2778 gesta
787 2680 963 2780 patefecit,
989 2677 1162 2772 confossus

120 2802 122 2808 ⁴
174 2796 248 2870 illic
264 2823 286 2870 a
301 2798 512 2872 Germanis:
540 2802 633 2873 unde
649 2799 759 2898 major
782 2802 891 2878 indici
908 2803 1007 2891 fides.
1048 2802 1160 2876 Simul
1261 2891 1265 2902 1

176 2918 369 3001 vastatione
392 2919 629 3018 incendiisque
652 2923 877 3022 flagrantium
896 2924 1074 3014 villarum,
1099 2948 1161 3013 ve-

176 3039 253 3114 nire
266 3039 436 3113 viclorem
454 3041 646 3116 exercitum
662 3042 932 3144 intelligebatur.
971 3052 1000 3089 “
1019 3048 1061 3119 ln
1073 3070 1158 3118 con-

176 3168 207 3206 “
225 3158 344 3257 spectu
372 3160 559 3235 castrorum
586 3164 747 3239 constitui
771 3169 879 3263 signa,
905 3165 1098 3265 fossamque
1124 3168 1160 3239 δι

176 3283 358 3356 “vallum
392 3280 623 3356 circumdari”
657 3286 793 3360 Vocula
817 3283 931 3382 jubet.
989 3288 1162 3386 Depositis

177 3397 488 3500 “impedimentis
520 3400 736 3502 sarcinisque,
775 3406 1163 3504 expediti·certarent.”

177 3522 278 3597 Hinc
302 3522 338 3596 in
360 3524 492 3598 ducem
512 3525 645 3598 clamor
668 3552 827 3625 pugnam
840 3622 843 3635 ‚
856 3514 1071 3625 poscentium
1087 3558 1109 3629 ε,
1125 3533 1161 3602 δε

181 3643 306 3719 minari
335 3645 569 3721 adsueverant.
620 3648 679 3719 Ne
695 3667 853 3746 tempore
877 3649 1021 3748 quidem
1042 3650 1086 3723 ad
1104 3674 1161 3720 or-

179 3764 370 3848 dinandam
393 3767 505 3849 aciem
527 3786 645 3867 capto,
671 3767 892 3871 incompofiti
909 3768 1050 3872 sesfique
1066 3794 1159 3871 proe·
