<?xml version="1.0" encoding="UTF-8"?>
<!DOCTYPE html PUBLIC "-//W3C//DTD XHTML 1.0 Transitional//EN"
    "http://www.w3.org/TR/xhtml1/DTD/xhtml1-transitional.dtd">
<html xmlns="http://www.w3.org/1999/xhtml" xml:lang="en" lang="en">
 <head>
  <title>
</title>
<meta http-equiv="Content-Type" content="text/html;charset=utf-8" />
  <meta name='ocr-system' content='tesseract 3.04.00' />
  <meta name='ocr-capabilities' content='ocr_page ocr_carea ocr_par ocr_line ocrx_word'/>
</head>
<body>
  <div class='ocr_page' id='page_1' title='image "./ccorneliitaciti01freigoog_0151.png"; bbox 0 0 2834 5076; ppageno 0'>
   <div class='ocr_carea' id='block_1_1' title="bbox 249 344 1026 455">
    <p class='ocr_par' dir='ltr' id='par_1_1' title="bbox 249 344 1026 455">
     <span class='ocr_line' id='line_1_1' title="bbox 249 344 1026 455; baseline -0.005 -19"><span class='ocrx_word' id='word_1_1' title='bbox 249 362 315 455; x_wconf 84' lang='lat'>146</span> <span class='ocrx_word' id='word_1_2' title='bbox 436 359 782 433; x_wconf 73' lang='lat' dir='ltr'>CConuattr</span> <span class='ocrx_word' id='word_1_3' title='bbox 818 344 1026 432; x_wconf 77' lang='lat' dir='ltr'>Thcrrt</span> 
     </span>
    </p>
   </div>
   <div class='ocr_carea' id='block_1_2' title="bbox 216 532 1302 2563">
    <p class='ocr_par' dir='ltr' id='par_1_2' title="bbox 216 532 1302 2563">
     <span class='ocr_line' id='line_1_2' title="bbox 246 532 1224 636; baseline -0.004 -24"><span class='ocrx_word' id='word_1_4' title='bbox 246 541 380 636; x_wconf 87' lang='lat' dir='ltr'>pafiano</span> <span class='ocrx_word' id='word_1_5' title='bbox 395 536 576 626; x_wconf 61' lang='lat' dir='ltr'>accessbre,</span> <span class='ocrx_word' id='word_1_6' title='bbox 605 535 640 608; x_wconf 91' lang='lat' dir='ltr'>vi</span> <span class='ocrx_word' id='word_1_7' title='bbox 658 533 833 632; x_wconf 66' lang='lat' dir='ltr'>praecipua</span> <span class='ocrx_word' id='word_1_8' title='bbox 849 532 955 608; x_wconf 84' lang='lat' dir='ltr'><strong>Primi</strong></span> <span class='ocrx_word' id='word_1_9' title='bbox 980 532 1139 607; x_wconf 85' lang='lat' dir='ltr'><strong>Antonii.</strong></span> <span class='ocrx_word' id='word_1_10' title='bbox 1190 537 1224 608; x_wconf 83' lang='lat' dir='ltr'>Is</span> 
     </span>
     <span class='ocr_line' id='line_1_3' title="bbox 244 653 1224 754; baseline -0.003 -23"><span class='ocrx_word' id='word_1_11' title='bbox 244 656 378 754; x_wconf 87' lang='lat' dir='ltr'>legibus</span> <span class='ocrx_word' id='word_1_12' title='bbox 395 681 535 744; x_wconf 87' lang='lat' dir='ltr'>nocens,</span> <span class='ocrx_word' id='word_1_13' title='bbox 567 661 600 728; x_wconf 68' lang='grc' dir='ltr'>ὃ(</span> <span class='ocrx_word' id='word_1_14' title='bbox 630 674 788 751; x_wconf 90' lang='lat' dir='ltr'>tempore</span> <span class='ocrx_word' id='word_1_15' title='bbox 805 654 956 728; x_wconf 88' lang='lat' dir='ltr'>Neronis</span> <span class='ocrx_word' id='word_1_16' title='bbox 983 653 1054 728; x_wconf 83' lang='lat' dir='ltr'>falfi</span> <span class='ocrx_word' id='word_1_17' title='bbox 1079 656 1224 728; x_wconf 79' lang='lat' dir='ltr'>damna-</span> 
     </span>
     <span class='ocr_line' id='line_1_4' title="bbox 245 755 1224 865; baseline -0.002 -16"><span class='ocrx_word' id='word_1_18' title='bbox 245 797 321 865; x_wconf 53' lang='lat' dir='ltr'>tus,‘</span> <span class='ocrx_word' id='word_1_19' title='bbox 335 776 420 848; x_wconf 90' lang='lat' dir='ltr'>inter</span> <span class='ocrx_word' id='word_1_20' title='bbox 436 755 507 848; x_wconf 59' lang='lat' dir='ltr'>,alia</span> <span class='ocrx_word' id='word_1_21' title='bbox 524 775 606 849; x_wconf 89' lang='lat' dir='ltr'>belli</span> <span class='ocrx_word' id='word_1_22' title='bbox 632 778 735 865; x_wconf 88' lang='lat' dir='ltr'>mala,</span> <span class='ocrx_word' id='word_1_23' title='bbox 766 772 976 848; x_wconf 90' lang='lat' dir='ltr'>senatorium</span> <span class='ocrx_word' id='word_1_24' title='bbox 993 775 1152 848; x_wconf 87' lang='lat' dir='ltr'>ordinem</span> <span class='ocrx_word' id='word_1_25' title='bbox 1170 800 1224 847; x_wconf 89' lang='lat' dir='ltr'>te-</span> 
     </span>
     <span class='ocr_line' id='line_1_5' title="bbox 244 881 1222 994; baseline -0.001 -25"><span class='ocrx_word' id='word_1_26' title='bbox 244 896 464 993; x_wconf 87' lang='lat' dir='ltr'>ciperavetat.</span> <span class='ocrx_word' id='word_1_27' title='bbox 514 881 717 994; x_wconf 80' lang='lat' dir='ltr'>Praeposrtus</span> <span class='ocrx_word' id='word_1_28' title='bbox 742 923 762 969; x_wconf 91' lang='lat' dir='ltr'>a</span> <span class='ocrx_word' id='word_1_29' title='bbox 777 899 891 970; x_wconf 72' lang='lat' dir='ltr'>Galba</span> <span class='ocrx_word' id='word_1_30' title='bbox 907 895 1059 993; x_wconf 87' lang='lat' dir='ltr'>septimae</span> <span class='ocrx_word' id='word_1_31' title='bbox 1077 896 1222 994; x_wconf 82' lang='lat' dir='ltr'>legioni,</span> 
     </span>
     <span class='ocr_line' id='line_1_6' title="bbox 243 1001 1227 1114; baseline 0 -24"><span class='ocrx_word' id='word_1_32' title='bbox 243 1017 438 1114; x_wconf 80' lang='lat' dir='ltr'>scriptitasse</span> <span class='ocrx_word' id='word_1_33' title='bbox 462 1018 596 1091; x_wconf 86' lang='lat' dir='ltr'>Othoni</span> <span class='ocrx_word' id='word_1_34' title='bbox 620 1001 839 1107; x_wconf 86' lang='lat' dir='ltr'>¹credebatur,</span> <span class='ocrx_word' id='word_1_35' title='bbox 866 1019 993 1091; x_wconf 90' lang='lat' dir='ltr'>ducem</span> <span class='ocrx_word' id='word_1_36' title='bbox 1014 1016 1227 1114; x_wconf 77' lang='lat' dir='ltr'>se&#39;partibus</span> 
     </span>
     <span class='ocr_line' id='line_1_7' title="bbox 243 1136 1224 1238; baseline 0 -27"><span class='ocrx_word' id='word_1_37' title='bbox 243 1140 418 1224; x_wconf 81' lang='lat' dir='ltr'>offerens3</span> <span class='ocrx_word' id='word_1_38' title='bbox 452 1164 472 1211; x_wconf 90' lang='lat' dir='ltr'>a</span> <span class='ocrx_word' id='word_1_39' title='bbox 506 1164 577 1238; x_wconf 93' lang='lat' dir='ltr'>quo</span> <span class='ocrx_word' id='word_1_40' title='bbox 611 1139 801 1237; x_wconf 69' lang='lat' dir='ltr'>neglectus,</span> <span class='ocrx_word' id='word_1_41' title='bbox 832 1138 867 1211; x_wconf 93' lang='lat' dir='ltr'>in</span> <span class='ocrx_word' id='word_1_42' title='bbox 900 1139 997 1211; x_wconf 89' lang='lat' dir='ltr'>nullo</span> <span class='ocrx_word' id='word_1_43' title='bbox 1032 1136 1224 1211; x_wconf 82' lang='lat' dir='ltr'>Othoniani</span> 
     </span>
     <span class='ocr_line' id='line_1_8' title="bbox 242 1257 1223 1354; baseline -0.001 -23"><span class='ocrx_word' id='word_1_44' title='bbox 242 1257 327 1331; x_wconf 92' lang='lat' dir='ltr'>belli</span> <span class='ocrx_word' id='word_1_45' title='bbox 344 1258 406 1332; x_wconf 91' lang='lat' dir='ltr'>usu</span> <span class='ocrx_word' id='word_1_46' title='bbox 424 1257 513 1332; x_wconf 88' lang='lat' dir='ltr'>fuit:</span> <span class='ocrx_word' id='word_1_47' title='bbox 545 1259 740 1334; x_wconf 82' lang='lat' dir='ltr'>labantibus</span> <span class='ocrx_word' id='word_1_48' title='bbox 757 1257 887 1331; x_wconf 89' lang='lat' dir='ltr'>Vitellii</span> <span class='ocrx_word' id='word_1_49' title='bbox 906 1261 1021 1347; x_wconf 90' lang='lat' dir='ltr'>rebus,</span> <span class='ocrx_word' id='word_1_50' title='bbox 1047 1257 1223 1354; x_wconf 79' lang='lat' dir='ltr'>Vespasia-</span> 
     </span>
     <span class='ocr_line' id='line_1_9' title="bbox 242 1360 1225 1478; baseline -0.001 -27"><span class='ocrx_word' id='word_1_51' title='bbox 242 1360 329 1452; x_wconf 90' lang='lat' dir='ltr'>num</span> <span class='ocrx_word' id='word_1_52' title='bbox 346 1378 493 1470; x_wconf 89' lang='lat' dir='ltr'>secutus,</span> <span class='ocrx_word' id='word_1_53' title='bbox 512 1380 642 1478; x_wconf 85' lang='lat' dir='ltr'>grande</span> <span class='ocrx_word' id='word_1_54' title='bbox 666 1399 886 1454; x_wconf 88' lang='lat' dir='ltr'>momentum</span> <span class='ocrx_word' id='word_1_55' title='bbox 904 1378 1051 1468; x_wconf 78' lang='lat' dir='ltr'>addidit,</span> <span class='ocrx_word' id='word_1_56' title='bbox 1070 1378 1225 1451; x_wconf 87' lang='lat' dir='ltr'>strenuus</span> 
     </span>
     <span class='ocr_line' id='line_1_10' title="bbox 243 1494 1302 1598; baseline 0.001 -26"><span class='ocrx_word' id='word_1_57' title='bbox 243 1525 365 1589; x_wconf 88' lang='lat' dir='ltr'>manu,</span> <span class='ocrx_word' id='word_1_58' title='bbox 390 1499 544 1573; x_wconf 85' lang='lat' dir='ltr'>sermone</span> <span class='ocrx_word' id='word_1_59' title='bbox 569 1521 767 1598; x_wconf 89' lang='lat' dir='ltr'>promptus,</span> <span class='ocrx_word' id='word_1_60' title='bbox 795 1498 945 1572; x_wconf 84' lang='lat' dir='ltr'>serendae</span> <span class='ocrx_word' id='word_1_61' title='bbox 971 1501 1007 1572; x_wconf 91' lang='lat' dir='ltr'>in</span> <span class='ocrx_word' id='word_1_62' title='bbox 1024 1500 1108 1573; x_wconf 90' lang='lat' dir='ltr'>alios</span> <span class='ocrx_word' id='word_1_63' title='bbox 1132 1499 1223 1573; x_wconf 86' lang='lat' dir='ltr'>invi·</span> <span class='ocrx_word' id='word_1_64' title='bbox 1295 1494 1302 1505; x_wconf 72' lang='grc'><em>’</em></span> 
     </span>
     <span class='ocr_line' id='line_1_11' title="bbox 245 1616 1223 1717; baseline 0.001 -25"><span class='ocrx_word' id='word_1_65' title='bbox 245 1620 312 1693; x_wconf 85' lang='lat' dir='ltr'>diae</span> <span class='ocrx_word' id='word_1_66' title='bbox 329 1616 467 1712; x_wconf 74' lang='lat' dir='ltr'>artistic,</span> <span class='ocrx_word' id='word_1_67' title='bbox 494 1619 669 1694; x_wconf 87' lang='lat' dir='ltr'>discordiis</span> <span class='ocrx_word' id='word_1_68' title='bbox 688 1626 720 1694; x_wconf 73' lang='lat' dir='ltr'>a</span> <span class='ocrx_word' id='word_1_69' title='bbox 739 1619 960 1694; x_wconf 89' lang='lat' dir='ltr'>seditionibus</span> <span class='ocrx_word' id='word_1_70' title='bbox 982 1641 1118 1717; x_wconf 88' lang='lat' dir='ltr'>potens,</span> <span class='ocrx_word' id='word_1_71' title='bbox 1145 1646 1223 1717; x_wconf 88' lang='lat' dir='ltr'>rap·</span> 
     </span>
     <span class='ocr_line' id='line_1_12' title="bbox 227 1739 1224 1840; baseline -0.001 -27"><span class='ocrx_word' id='word_1_72' title='bbox 227 1776 230 1781; x_wconf 92' lang='lat'>·</span> <span class='ocrx_word' id='word_1_73' title='bbox 247 1762 315 1830; x_wconf 92' lang='lat' dir='ltr'>tor,</span> <span class='ocrx_word' id='word_1_74' title='bbox 334 1741 489 1840; x_wconf 83' lang='lat' dir='ltr'>largitor,</span> <span class='ocrx_word' id='word_1_75' title='bbox 510 1768 595 1838; x_wconf 89' lang='lat' dir='ltr'>pace</span> <span class='ocrx_word' id='word_1_76' title='bbox 612 1744 784 1840; x_wconf 80' lang='lat' dir='ltr'>pessimus,</span> <span class='ocrx_word' id='word_1_77' title='bbox 803 1742 897 1815; x_wconf 89' lang='lat' dir='ltr'>bello</span> <span class='ocrx_word' id='word_1_78' title='bbox 914 1766 984 1814; x_wconf 93' lang='lat' dir='ltr'>non</span> <span class='ocrx_word' id='word_1_79' title='bbox 1001 1739 1224 1838; x_wconf 89' lang='lat' dir='ltr'>spernendus.</span> 
     </span>
     <span class='ocr_line' id='line_1_13' title="bbox 243 1851 1227 1955; baseline 0 -23"><span class='ocrx_word' id='word_1_80' title='bbox 243 1851 362 1955; x_wconf 70' lang='lat' dir='ltr'>juncti</span> <span class='ocrx_word' id='word_1_81' title='bbox 387 1861 470 1935; x_wconf 91' lang='lat' dir='ltr'>inde</span> <span class='ocrx_word' id='word_1_82' title='bbox 486 1865 623 1936; x_wconf 89' lang='lat' dir='ltr'>Moefici</span> <span class='ocrx_word' id='word_1_83' title='bbox 647 1888 687 1934; x_wconf 89' lang='lat' dir='ltr'>ac</span> <span class='ocrx_word' id='word_1_84' title='bbox 710 1861 902 1935; x_wconf 87' lang='lat' dir='ltr'>Pannonici</span> <span class='ocrx_word' id='word_1_85' title='bbox 926 1861 1110 1949; x_wconf 86' lang='lat' dir='ltr'>exercitus,</span> <span class='ocrx_word' id='word_1_86' title='bbox 1137 1861 1227 1936; x_wconf 67' lang='lat' dir='ltr'>Dal-⁴</span> 
     </span>
     <span class='ocr_line' id='line_1_14' title="bbox 243 1980 1223 2082; baseline 0.003 -30"><span class='ocrx_word' id='word_1_87' title='bbox 243 1980 410 2054; x_wconf 89' lang='lat' dir='ltr'>maticum</span> <span class='ocrx_word' id='word_1_88' title='bbox 437 1980 584 2055; x_wconf 91' lang='lat' dir='ltr'>militem</span> <span class='ocrx_word' id='word_1_89' title='bbox 613 1987 764 2074; x_wconf 61' lang='lat' dir='ltr'>transre,</span> <span class='ocrx_word' id='word_1_90' title='bbox 790 2008 1008 2082; x_wconf 90' lang='lat' dir='ltr'>quamquam</span> <span class='ocrx_word' id='word_1_91' title='bbox 1037 1982 1223 2057; x_wconf 88' lang='lat' dir='ltr'>consulari·</span> 
     </span>
     <span class='ocr_line' id='line_1_15' title="bbox 245 2101 1223 2201; baseline 0.002 -27"><span class='ocrx_word' id='word_1_92' title='bbox 245 2103 310 2174; x_wconf 92' lang='lat' dir='ltr'>bus</span> <span class='ocrx_word' id='word_1_93' title='bbox 327 2101 449 2200; x_wconf 86' lang='lat' dir='ltr'>legatis</span> <span class='ocrx_word' id='word_1_94' title='bbox 466 2103 551 2176; x_wconf 88' lang='lat' dir='ltr'>nihil</span> <span class='ocrx_word' id='word_1_95' title='bbox 567 2103 799 2177; x_wconf 87' lang='lat' dir='ltr'>turbantibus.</span> <span class='ocrx_word' id='word_1_96' title='bbox 848 2104 952 2176; x_wconf 84' lang='lat' dir='ltr'>Titus</span> <span class='ocrx_word' id='word_1_97' title='bbox 972 2103 1126 2201; x_wconf 86' lang='lat' dir='ltr'>Ampius</span> <span class='ocrx_word' id='word_1_98' title='bbox 1143 2105 1223 2176; x_wconf 91' lang='lat' dir='ltr'>Fla·</span> 
     </span>
     <span class='ocr_line' id='line_1_16' title="bbox 244 2221 1220 2322; baseline 0.002 -28"><span class='ocrx_word' id='word_1_99' title='bbox 244 2221 366 2295; x_wconf 89' lang='lat' dir='ltr'>vianus</span> <span class='ocrx_word' id='word_1_100' title='bbox 398 2224 632 2314; x_wconf 86' lang='lat' dir='ltr'>Pannoniam,</span> <span class='ocrx_word' id='word_1_101' title='bbox 670 2224 856 2322; x_wconf 90' lang='lat' dir='ltr'>Pompeius</span> <span class='ocrx_word' id='word_1_102' title='bbox 889 2224 1048 2317; x_wconf 85' lang='lat' dir='ltr'>Silvanus</span> <span class='ocrx_word' id='word_1_103' title='bbox 1075 2225 1220 2317; x_wconf 88' lang='lat' dir='ltr'>Dalma-</span> 
     </span>
     <span class='ocr_line' id='line_1_17' title="bbox 216 2340 1222 2446; baseline 0.003 -33"><span class='ocrx_word' id='word_1_104' title='bbox 216 2342 218 2347; x_wconf 81' lang='grc'><strong>’</strong></span> <span class='ocrx_word' id='word_1_105' title='bbox 246 2340 331 2415; x_wconf 89' lang='lat' dir='ltr'>tiam</span> <span class='ocrx_word' id='word_1_106' title='bbox 349 2345 527 2446; x_wconf 89' lang='lat' dir='ltr'>tenebant,</span> <span class='ocrx_word' id='word_1_107' title='bbox 548 2344 671 2418; x_wconf 90' lang='lat' dir='ltr'>divites</span> <span class='ocrx_word' id='word_1_108' title='bbox 686 2343 790 2418; x_wconf 86' lang='lat' dir='ltr'>senes.</span> <span class='ocrx_word' id='word_1_109' title='bbox 834 2346 900 2417; x_wconf 89' lang='lat' dir='ltr'>Sed</span> <span class='ocrx_word' id='word_1_110' title='bbox 926 2365 1124 2442; x_wconf 85' lang='lat' dir='ltr'>procurator</span> <span class='ocrx_word' id='word_1_111' title='bbox 1139 2344 1222 2429; x_wconf 53' lang='lat' dir='ltr'>a&#39;des</span> 
     </span>
     <span class='ocr_line' id='line_1_18' title="bbox 244 2464 1222 2563; baseline 0 -26"><span class='ocrx_word' id='word_1_112' title='bbox 244 2481 296 2537; x_wconf 89' lang='lat' dir='ltr'>rat</span> <span class='ocrx_word' id='word_1_113' title='bbox 324 2464 504 2538; x_wconf 86' lang='lat' dir='ltr'>Cornelius</span> <span class='ocrx_word' id='word_1_114' title='bbox 538 2465 679 2555; x_wconf 88' lang='lat' dir='ltr'>Fuscus,</span> <span class='ocrx_word' id='word_1_115' title='bbox 706 2464 829 2563; x_wconf 88' lang='lat' dir='ltr'>vigens</span> <span class='ocrx_word' id='word_1_116' title='bbox 862 2485 974 2555; x_wconf 88' lang='lat' dir='ltr'>aetate,</span> <span class='ocrx_word' id='word_1_117' title='bbox 1002 2464 1099 2539; x_wconf 91' lang='lat' dir='ltr'>claris</span> <span class='ocrx_word' id='word_1_118' title='bbox 1127 2484 1222 2537; x_wconf 87' lang='lat' dir='ltr'>nata-</span> 
     </span>
    </p>
   </div>
   <div class='ocr_carea' id='block_1_3' title="bbox 246 2583 1226 2683">
    <p class='ocr_par' dir='ltr' id='par_1_3' title="bbox 246 2583 1226 2683">
     <span class='ocr_line' id='line_1_19' title="bbox 246 2583 1226 2683; baseline 0.002 -27"><span class='ocrx_word' id='word_1_119' title='bbox 246 2584 356 2657; x_wconf 91' lang='lat' dir='ltr'>libus:</span> <span class='ocrx_word' id='word_1_120' title='bbox 377 2584 491 2681; x_wconf 60' lang='lat' dir='ltr'>prim&amp;</span> <span class='ocrx_word' id='word_1_121' title='bbox 499 2583 658 2683; x_wconf 68' lang='lat' dir='ltr'>juventi,</span> <span class='ocrx_word' id='word_1_122' title='bbox 678 2586 802 2683; x_wconf 86' lang='lat' dir='ltr'>quietis</span> <span class='ocrx_word' id='word_1_123' title='bbox 819 2585 996 2682; x_wconf 85' lang='lat' dir='ltr'>cupidine,</span> <span class='ocrx_word' id='word_1_124' title='bbox 1015 2584 1226 2659; x_wconf 89' lang='lat' dir='ltr'>senatorium</span> 
     </span>
    </p>
   </div>
   <div class='ocr_carea' id='block_1_4' title="bbox 211 2704 1225 2806">
    <p class='ocr_par' dir='ltr' id='par_1_4' title="bbox 211 2704 1225 2806">
     <span class='ocr_line' id='line_1_20' title="bbox 211 2704 1225 2806; baseline 0.005 -32"><span class='ocrx_word' id='word_1_125' title='bbox 211 2802 216 2806; x_wconf 5' lang='grc' dir='ltr'>ἱ</span> <span class='ocrx_word' id='word_1_126' title='bbox 244 2704 402 2777; x_wconf 86' lang='lat' dir='ltr'>ordinem</span> <span class='ocrx_word' id='word_1_127' title='bbox 428 2726 586 2779; x_wconf 87' lang='lat' dir='ltr'>exuerat:</span> <span class='ocrx_word' id='word_1_128' title='bbox 616 2706 709 2779; x_wconf 91' lang='lat' dir='ltr'>idem</span> <span class='ocrx_word' id='word_1_129' title='bbox 740 2731 803 2803; x_wconf 91' lang='lat' dir='ltr'>pro</span> <span class='ocrx_word' id='word_1_130' title='bbox 827 2709 942 2780; x_wconf 67' lang='lat' dir='ltr'>Galba</span> <span class='ocrx_word' id='word_1_131' title='bbox 973 2706 1049 2779; x_wconf 84' lang='lat' dir='ltr'>dux</span> <span class='ocrx_word' id='word_1_132' title='bbox 1077 2705 1225 2780; x_wconf 83' lang='lat' dir='ltr'>coloniae</span> 
     </span>
    </p>
   </div>
   <div class='ocr_carea' id='block_1_5' title="bbox 129 2819 1306 3879">
    <p class='ocr_par' dir='ltr' id='par_1_5' title="bbox 180 2819 1225 3044">
     <span class='ocr_line' id='line_1_21' title="bbox 242 2819 1225 2924; baseline 0.007 -31"><span class='ocrx_word' id='word_1_133' title='bbox 242 2819 324 2912; x_wconf 82' lang='lat' dir='ltr'>suae,</span> <span class='ocrx_word' id='word_1_134' title='bbox 354 2827 465 2923; x_wconf 63' lang='lat' dir='ltr'>eaque</span> <span class='ocrx_word' id='word_1_135' title='bbox 481 2828 585 2924; x_wconf 54' lang='lat' dir='ltr'>opera</span> <span class='ocrx_word' id='word_1_136' title='bbox 602 2827 889 2924; x_wconf 84' lang='lat' dir='ltr'>procurationem</span> <span class='ocrx_word' id='word_1_137' title='bbox 906 2827 1068 2923; x_wconf 87' lang='lat' dir='ltr'>adeptus,</span> <span class='ocrx_word' id='word_1_138' title='bbox 1092 2823 1225 2923; x_wconf 88' lang='lat' dir='ltr'>suscep·</span> 
     </span>
     <span class='ocr_line' id='line_1_22' title="bbox 180 2943 1224 3044; baseline 0.009 -34"><span class='ocrx_word' id='word_1_139' title='bbox 180 2995 188 3002; x_wconf 91' lang='lat'><strong>.</strong></span> <span class='ocrx_word' id='word_1_140' title='bbox 244 2943 287 3012; x_wconf 89' lang='lat' dir='ltr'>tis</span> <span class='ocrx_word' id='word_1_141' title='bbox 324 2943 517 3039; x_wconf 72' lang='lat' dir='ltr'>Vespasiani</span> <span class='ocrx_word' id='word_1_142' title='bbox 550 2946 718 3044; x_wconf 89' lang='lat' dir='ltr'>partibus,</span> <span class='ocrx_word' id='word_1_143' title='bbox 753 2947 955 3020; x_wconf 86' lang='lat' dir='ltr'>acerrimam</span> <span class='ocrx_word' id='word_1_144' title='bbox 986 2950 1079 3022; x_wconf 87' lang='lat' dir='ltr'>bello</span> <span class='ocrx_word' id='word_1_145' title='bbox 1111 2946 1224 3020; x_wconf 85' lang='lat' dir='ltr'>facem¹</span> 
     </span>
    </p>

    <p class='ocr_par' dir='ltr' id='par_1_6' title="bbox 129 3047 1306 3879">
     <span class='ocr_line' id='line_1_23' title="bbox 243 3047 1223 3165; baseline 0.013 -39"><span class='ocrx_word' id='word_1_146' title='bbox 243 3060 416 3152; x_wconf 80' lang='lat' dir='ltr'>praetulit3</span> <span class='ocrx_word' id='word_1_147' title='bbox 451 3091 523 3139; x_wconf 93' lang='lat' dir='ltr'>non</span> <span class='ocrx_word' id='word_1_148' title='bbox 553 3047 625 3141; x_wconf 92' lang='lat' dir='ltr'>tam</span> <span class='ocrx_word' id='word_1_149' title='bbox 658 3067 811 3164; x_wconf 83' lang='lat' dir='ltr'>praemiis</span> <span class='ocrx_word' id='word_1_150' title='bbox 841 3068 1088 3165; x_wconf 82' lang='lat' dir='ltr'>periculorum,</span> <span class='ocrx_word' id='word_1_151' title='bbox 1116 3069 1223 3164; x_wconf 70' lang='lat' dir='ltr'>quam</span> 
     </span>
     <span class='ocr_line' id='line_1_24' title="bbox 174 3167 1221 3284; baseline 0.017 -42"><span class='ocrx_word' id='word_1_152' title='bbox 174 3167 177 3173; x_wconf 76' lang='grc'><strong>’</strong></span> <span class='ocrx_word' id='word_1_153' title='bbox 241 3172 320 3269; x_wconf 84' lang='lat' dir='ltr'>ipsis</span> <span class='ocrx_word' id='word_1_154' title='bbox 335 3177 492 3270; x_wconf 89' lang='lat' dir='ltr'>periculis</span> <span class='ocrx_word' id='word_1_155' title='bbox 511 3187 624 3261; x_wconf 85' lang='lat' dir='ltr'>laetus:</span> <span class='ocrx_word' id='word_1_156' title='bbox 645 3212 707 3283; x_wconf 92' lang='lat' dir='ltr'>pro</span> <span class='ocrx_word' id='word_1_157' title='bbox 719 3187 820 3261; x_wconf 88' lang='lat' dir='ltr'>certis</span> <span class='ocrx_word' id='word_1_158' title='bbox 833 3194 867 3261; x_wconf 70' lang='grc' dir='ltr'>δι’</span> <span class='ocrx_word' id='word_1_159' title='bbox 882 3190 966 3261; x_wconf 93' lang='lat' dir='ltr'>olim</span> <span class='ocrx_word' id='word_1_160' title='bbox 983 3187 1102 3284; x_wconf 85' lang='lat' dir='ltr'>partis,</span> <span class='ocrx_word' id='word_1_161' title='bbox 1114 3214 1221 3275; x_wconf 90' lang='lat' dir='ltr'>nova,</span> 
     </span>
     <span class='ocr_line' id='line_1_25' title="bbox 243 3294 1221 3407; baseline 0.014 -43"><span class='ocrx_word' id='word_1_162' title='bbox 243 3294 411 3391; x_wconf 87' lang='lat' dir='ltr'>ambigua</span> <span class='ocrx_word' id='word_1_163' title='bbox 438 3305 471 3373; x_wconf 89' lang='lat'>&amp;</span> <span class='ocrx_word' id='word_1_164' title='bbox 493 3307 655 3403; x_wconf 87' lang='lat' dir='ltr'>ancipitia</span> <span class='ocrx_word' id='word_1_165' title='bbox 673 3310 836 3382; x_wconf 84' lang='lat' dir='ltr'>malebat.</span> <span class='ocrx_word' id='word_1_166' title='bbox 887 3309 999 3407; x_wconf 86' lang='lat' dir='ltr'>Igitur</span> <span class='ocrx_word' id='word_1_167' title='bbox 1022 3329 1162 3380; x_wconf 89' lang='lat' dir='ltr'>movere</span> <span class='ocrx_word' id='word_1_168' title='bbox 1186 3311 1221 3378; x_wconf 73' lang='grc' dir='ltr'>δι</span> 
     </span>
     <span class='ocr_line' id='line_1_26' title="bbox 244 3415 1306 3527; baseline 0.021 -50"><span class='ocrx_word' id='word_1_169' title='bbox 244 3431 396 3505; x_wconf 88' lang='lat' dir='ltr'>quatere,</span> <span class='ocrx_word' id='word_1_170' title='bbox 426 3415 601 3519; x_wconf 91' lang='lat' dir='ltr'>quidquid</span> <span class='ocrx_word' id='word_1_171' title='bbox 617 3427 763 3524; x_wconf 88' lang='lat' dir='ltr'>usquam</span> <span class='ocrx_word' id='word_1_172' title='bbox 780 3440 913 3527; x_wconf 78' lang='lat' dir='ltr'>aegrum</span> <span class='ocrx_word' id='word_1_173' title='bbox 932 3428 1029 3515; x_wconf 90' lang='lat' dir='ltr'>soret,</span> <span class='ocrx_word' id='word_1_174' title='bbox 1059 3424 1244 3523; x_wconf 19' lang='lat' dir='ltr'>adgredi-l</span> <span class='ocrx_word' id='word_1_175' title='bbox 1302 3429 1306 3436; x_wconf 75' lang='grc'><strong>’</strong></span> 
     </span>
     <span class='ocr_line' id='line_1_27' title="bbox 129 3535 1292 3645; baseline 0.019 -49"><span class='ocrx_word' id='word_1_176' title='bbox 129 3542 134 3555; x_wconf 81' lang='lat'><strong><em>‘</em></strong></span> <span class='ocrx_word' id='word_1_177' title='bbox 245 3538 360 3600; x_wconf 87' lang='lat' dir='ltr'>untur.</span> <span class='ocrx_word' id='word_1_178' title='bbox 409 3535 551 3633; x_wconf 85' lang='lat' dir='ltr'>Scriptae</span> <span class='ocrx_word' id='word_1_179' title='bbox 579 3543 615 3615; x_wconf 94' lang='lat' dir='ltr'>in</span> <span class='ocrx_word' id='word_1_180' title='bbox 643 3546 854 3622; x_wconf 88' lang='lat' dir='ltr'>Britanniam</span> <span class='ocrx_word' id='word_1_181' title='bbox 881 3550 925 3621; x_wconf 89' lang='lat' dir='ltr'>ad</span> <span class='ocrx_word' id='word_1_182' title='bbox 949 3545 1222 3645; x_wconf 84' lang='lat' dir='ltr'>quartadecima·</span> <span class='ocrx_word' id='word_1_183' title='bbox 1290 3607 1292 3618; x_wconf 80' lang='grc'>,</span> 
     </span>
     <span class='ocr_line' id='line_1_28' title="bbox 243 3647 1302 3767; baseline 0.022 -47"><span class='ocrx_word' id='word_1_184' title='bbox 243 3673 320 3737; x_wconf 88' lang='lat' dir='ltr'>nos,</span> <span class='ocrx_word' id='word_1_185' title='bbox 340 3647 611 3746; x_wconf 87' lang='lat' dir='ltr'>inHispaniam</span> <span class='ocrx_word' id='word_1_186' title='bbox 639 3666 683 3736; x_wconf 86' lang='lat' dir='ltr'>ad</span> <span class='ocrx_word' id='word_1_187' title='bbox 715 3667 889 3763; x_wconf 87' lang='lat' dir='ltr'>primanos</span> <span class='ocrx_word' id='word_1_188' title='bbox 916 3666 1093 3764; x_wconf 82' lang='lat' dir='ltr'>epistolae3</span> <span class='ocrx_word' id='word_1_189' title='bbox 1123 3668 1222 3767; x_wconf 77' lang='lat' dir='ltr'>quod</span> <span class='ocrx_word' id='word_1_190' title='bbox 1294 3673 1302 3689; x_wconf 84' lang='lat'><strong><em>‘</em></strong></span> 
     </span>
     <span class='ocr_line' id='line_1_29' title="bbox 242 3768 1217 3879; baseline 0.023 -38"><span class='ocrx_word' id='word_1_191' title='bbox 242 3789 387 3877; x_wconf 84' lang='lat' dir='ltr'>utraque</span> <span class='ocrx_word' id='word_1_192' title='bbox 403 3768 495 3867; x_wconf 83' lang='lat' dir='ltr'>legio</span> <span class='ocrx_word' id='word_1_193' title='bbox 516 3801 579 3874; x_wconf 88' lang='lat' dir='ltr'>pro</span> <span class='ocrx_word' id='word_1_194' title='bbox 596 3782 751 3879; x_wconf 88' lang='lat' dir='ltr'>Othone,</span> <span class='ocrx_word' id='word_1_195' title='bbox 769 3788 911 3865; x_wconf 86' lang='lat' dir='ltr'>adversa</span> <span class='ocrx_word' id='word_1_196' title='bbox 928 3787 1068 3865; x_wconf 91' lang='lat' dir='ltr'>Vitellio</span> <span class='ocrx_word' id='word_1_197' title='bbox 1084 3785 1217 3864; x_wconf 88' lang='lat' dir='ltr'>suerat:</span> 
     </span>
    </p>
   </div>
   <div class='ocr_carea' id='block_1_6' title="bbox 0 0 1422 5076">
    <p class='ocr_par' dir='ltr' id='par_1_7' title="bbox 0 0 1422 5076">
     <span class='ocr_line' id='line_1_30' title="bbox 0 0 1422 5076; baseline 0 1"><span class='ocrx_word' id='word_1_198' title='bbox 0 0 1422 5076; x_wconf 95' lang='lat' dir='ltr'> </span> 
     </span>
    </p>
   </div>
  </div>
 </body>
</html>
