2820 4694
334 302 723 428 H--rrrontnauu
757 345 868 429 Lra.
905 344 968 416 IV.
1067 368 1133 443 25¹

166 519 423 617 (transrhenana
439 548 524 621 gens
539 524 608 617 est)
633 523 780 596 duarum
807 521 1004 595 cohortium
1024 520 1137 596 hiber,

164 667 223 735 na,
251 640 411 738 proxima
439 662 625 738 occupatu,
661 644 806 715 Oceano
832 639 1010 738 inrumpit.
1059 643 1138 727 Nec

166 762 393 859 praeviderant
422 760 594 858 impetum
632 762 783 840 hostium
803 758 964 846 militen
1001 785 1079 849 nee,
1113 766 1139 835 sr

166 882 409 980 praevidiffent,
426 881 503 956 satis
520 881 648 955 virium
664 882 709 954 ad
724 881 913 955 arcendum
929 901 1013 954 erat.
1045 881 1140 979 Cap·

165 1016 201 1075 ta
230 1001 334 1099 igitur
362 1007 395 1078 δι
421 1002 556 1099 direpta
576 1001 707 1074 castra:
734 1002 816 1075 dein
843 1026 967 1099 vagos,
993 1007 1027 1076 a
1046 1002 1140 1099 pacit

166 1121 278 1195 modo
294 1119 418 1198 effusos
434 1121 534 1211 lixae,
550 1118 846 1218 negotiatoresque
864 1124 1057 1211 Romanos,
1085 1122 1139 1195 in

166 1242 309 1340 vadunt.
373 1241 483 1316 Simul
527 1240 670 1316 excidiis
720 1241 935 1315 castellorum
976 1242 1139 1317 immine*

167 1361 275 1447 bant3
310 1385 388 1459 quae
418 1360 628 1459 apraeseslis
660 1361 857 1436 cohortium
884 1354 1021 1440 incensa
1049 1361 1139 1453 sunt,

168 1480 251 1577 quia
280 1479 422 1556 defendi
452 1482 651 1579 nequibant.
712 1481 819 1580 Signa
856 1481 1067 1580 vexillaque,
1104 1489 1140 1558 δι

168 1601 264 1698 quod
282 1599 449 1691 militum,
475 1600 745 1698 insuperiorem
775 1601 891 1679 insula
909 1624 1040 1700 partem
1051 1629 1141 1682 con.

169 1741 370 1819 gregantur,
396 1722 487 1794 duce
501 1704 659 1819 Aquilio,
679 1721 894 1819 primipilari,
921 1749 1050 1804 nomen
1067 1750 1142 1798 ma-

169 1841 223 1937 gis
251 1840 437 1933 exercitos,
464 1843 572 1939 quiam
598 1844 714 1915 robur.
763 1842 906 1941 Qippe
931 1843 1061 1918 viribus
1081 1846 1143 1919 co'·

158 1960 321 2041 hortium
346 1962 516 2052 abductis,
543 1961 717 2053 Vitellius,
743 1989 764 2037 e
793 1964 962 2066 proximis
991 1966 1142 2040 Neruio.

165 2106 244 2165 tunt
272 2083 598 2182 Germanorumque
638 2068 749 2183 pagis,
785 2083 926 2183 segnem
958 2087 1142 2165 numerum
1210 2086 1215 2098 ’

165 2225 268 2280 atmu
284 2223 499 2277 oneraverat.
1118 2236 1120 2243 ’

211 2324 311 2399 XVI.
334 2324 494 2399 Ctvtnrr
508 2324 597 2425 vdolo
613 2325 837 2421 grassandum
850 2343 961 2412 ratus,
977 2323 1144 2400 incusavit

165 2444 256 2520 ultro
284 2442 477 2540 praesestos,
505 2450 532 2489 “
551 2444 647 2542 quhd
663 2445 802 2519 castella
821 2444 1053 2520 deseruissem
1098 2447 1143 2520 Se

168 2569 194 2604 “
212 2589 295 2638 cum
310 2566 468 2653 cohorte,
486 2564 542 2639 cui
555 2585 712 2662 praeerat,
727 2563 994 2641 Canninefatem
1011 2569 1143 2640 tumul·

169 2686 197 2724 “
216 2700 292 2756 tum
313 2686 609 2780 compressurum:
638 2685 687 2758 illi
714 2685 1143 2784 suaquisquehibernare·

169 2806 197 2844 ‘⁶
217 2801 405 2897 peterent.''
454 2806 593 2878 Subelle
608 2803 769 2879 fraudent
784 2808 938 2898 confilio‚
961 2811 996 2879 a
1013 2806 1142 2905 dispera

167 2919 217 2998 sat
229 2921 388 2996 cohortes
398 2919 530 2997 facilius
539 2924 706 3021 opprimi,
718 2949 782 2999 nec
794 2927 1003 3005 Brinnonem
1014 2929 1144 3007 ducent

168 3038 240 3139 ejus
264 3039 360 3131 belli,
378 3039 435 3116 sed
455 3042 604 3118 Civilem
617 3047 697 3135 elle,
721 3046 857 3143 patuitt
884 3050 1145 3146 erumpentibus
1194 3075 1196 3080 ’

167 3160 347 3260 paullatim
363 3162 510 3251 indiciis,
536 3190 614 3262 quat
632 3165 813 3254 Germani,
843 3168 921 3242 laeta
937 3169 1142 3269 bestagno,

167 3284 239 3357 non
266 3280 329 3360 diu
358 3283 626 3358 occultaverant.
675 3285 752 3360 Ubi
780 3285 908 3360 insidia
932 3313 1051 3382 parum
1072 3292 1143 3366 ces-

168 3405 252 3494 sere,
278 3402 324 3480 ad
350 3403 424 3482 vim
455 3402 689 3502 transgressus,
716 3403 976 3496 Canninefates,
1005 3409 1142 3503 Frifios,

41 3614 44 3629 Ι
167 3523 313 3603 Batavos
331 3521 475 3621 propriis
502 3520 619 3601 cuneis
642 3524 845 3622 componit:
876 3525 1005 3602 directa
1021 3556 1066 3606 ex
1087 3533 1142 3605 di·
1183 3622 1185 3629 Ι

168 3640 266 3721 verso
279 3642 383 3734 acies,
402 3645 496 3721 haud
514 3644 633 3742 procul
651 3670 672 3718 a
694 3645 839 3722 flumine
856 3650 998 3742 Rheno,
1025 3657 1059 3725 δι
1076 3654 1140 3722 oh

167 3765 267 3870 veras
293 3763 477 3845 inhostem
503 3764 663 3860 navibus,
686 3793 786 3868 quaa,
815 3768 957 3846 incensis
980 3770 1139 3861 castellis,
