2806 4694
278 328 326 431 46
476 314 831 407 CCorrsrrr
869 313 1079 407 Trcr‘rl

265 512 405 583 lexerat.
456 506 742 606 Huncjuvcnem
756 509 884 598 Galba,
903 507 1108 606 quaestotctn
1119 503 1159 611 in
1172 491 1247 580 lla:

263 629 343 719 tica,
372 629 522 727 impigre
550 629 586 701 in
612 650 724 727 partes
749 626 823 702 suas
841 626 1092 727 transgtelluln,
1119 612 1250 726 legioni

263 748 473 847 praeposuit:
507 774 593 822 mox
615 758 837 847 compertum
855 749 1036 846 publicam
1062 759 1249 847 pecuniam

263 871 433 962 avertisse,
458 889 498 944 ut
522 870 757 968 peculatorem
781 867 927 968 flagitari
949 864 1055 967 jussit.
1106 868 1247 942 Caecina

261 992 354 1090 tegre
383 994 510 1088 pallus,
540 989 681 1063 miscete
708 992 846 1079 cuncta,
877 992 912 1061 δι
942 989 1077 1087 privata
1104 991 1249 1062 vulnera
1362 995 1368 1000 “

138 1210 142 1213 ¹
260 1112 460 1209 reipublice
485 1108 585 1183 malis
610 1109 745 1207 operire
769 1109 896 1182 statuit.
946 1112 1025 1184 Nec
1043 1110 1186 1182 deerant
1212 1108 1250 1181 in

260 1229 416 1307 exercitu
433 1229 564 1305 semina
580 1228 773 1320 discordiae,
800 1228 898 1326 quod
915 1234 949 1302 δι
977 1214 1071 1302 bello
1084 1210 1249 1302 adversim

260 1352 448 1425 Vindicem
465 1349 644 1443 universus
661 1350 832 1440 adfuerat,
852 1344 930 1439 nec,
957 1347 1018 1423 nifi
1035 1349 1149 1423 occiso
1172 1351 1249 1423 Ne·

261 1493 361 1559 tone,
386 1471 567 1544 transsatus
595 1468 628 1542 in
648 1472 815 1558 Galbam,
839 1489 943 1567 atquc
972 1469 1007 1541 in
1035 1486 1078 1541 eo
1102 1469 1175 1568 ipso
1197 1468 1248 1566 sa·

260 1607 441 1666 eramento
463 1588 602 1663 vexillis
629 1586 801 1674 inferioris
823 1589 1022 1663 Germaniae
1051 1604 1248 1686 praeventus‘

224 1716 226 1719 ’
257 1731 342 1786 erat.
393 1712 441 1782 Et
453 1703 599 1784 Treveri
616 1728 656 1783 ac
673 1709 866 1808 Lingones,
886 1708 1039 1808 quasque
1061 1709 1144 1783 alias
1161 1710 1248 1783 civi⁶

258 1845 345 1904 tates
372 1829 546 1904 atrocibus
573 1829 707 1920 ediffis,
737 1845 797 1904 aut
820 1832 954 1903 damno
979 1830 1105 1903 linium
1133 1831 1249 1904 Galba

259 1950 464 2048 perculerat,
488 1944 641 2025 hibernis
670 1949 853 2048 legionum
884 1945 1027 2048 propibs
1052 1949 1249 2024 miscentun

259 2070 370 2144 Unde
392 2067 547 2144 seditiosa
568 2070 770 2167 conloquia,
803 2075 838 2143 bt
865 2073 956 2144 inter
978 2087 1135 2170 paganos
1162 2096 1242 2143 cot-

258 2190 393 2291 tuptiot
409 2190 522 2281 miles,
544 2195 578 2265 δι
604 2188 641 2264 in
662 2190 871 2290 Verginium
893 2190 1003 2282 favor,
1034 2190 1248 2287 cuicumque

260 2311 318 2386 alii
338 2310 550 2409 profuturus.
574 2405 589 2419 .

309 2434 408 2508 LIV.
434 2426 628 2525 Mrsunnt
656 2433 777 2509 civitas
794 2433 1017 2531 Lingonum,
1046 2447 1164 2506 vetere
1187 2433 1243 2506 ins

259 2554 392 2641 stituto,
413 2553 507 2625 dona
524 2553 735 2652 legionibus,
763 2555 918 2642 dextras,
938 2550 1078 2649 hospitii
1094 2552 1240 2651 inligner

259 2671 389 2769 Legati
405 2693 542 2765 corum,
567 2673 603 2745 in
629 2670 823 2771 squalorem
851 2672 1118 2772 maestitiamque
1143 2698 1243 2747 com-

261 2788 377 2891 ponti,
421 2818 482 2891 pet
522 2790 706 2892 principia,
751 2779 813 2888 per
844 2790 1091 2885 contubernia,
1135 2780 1244 2867 modb

261 2920 289 2955 ‘⁴
307 2912 382 2985 suas
414 2911 599 3013 injurias,''
640 2905 751 2987 modb
786 2913 1014 2990 “civitatum
1044 2913 1242 2988 vicinarum
1262 2921 1281 2965 Γ

185 3112 187 3122 ,
261 3039 290 3074 “
303 3028 492 3129 >praemia,”
510 3040 559 3123 br,
590 3030 654 3108 ubi
680 3033 796 3132 pronis
812 3035 963 3108 rnilitum
987 3033 1131 3108 auribus
1152 3035 1242 3109 acci-2

261 3150 446 3249 picbantur
466 3160 495 3195 “
508 3153 612 3250 ipsius
634 3144 808 3228 'exercitus
826 3155 978 3253 pericula
1001 3154 1036 3228 ὅτ
1058 3176 1241 3229 contumea

262 3279 291 3315 “
307 3267 394 3345 lias’'
420 3254 685 3370 conquerentes,
711 3277 948 3351 accendebant
966 3275 1113 3349 animos,
1162 3277 1242 3349 Ncc'

262 3394 383 3489 procul
407 3390 574 3467 seditione
598 3395 754 3484 aberant,
779 3396 863 3469 cum
892 3395 1123 3470 Hordeonius
1139 3398 1241 3470 Flac-

262 3535 324 3587 cus
354 3512 494 3584 “abire
523 3513 692 3610 legatos,”
727 3510 838 3613 utque
870 3516 1039 3608 occultior
1073 3515 1243 3614 digreffus

259 3637 355 3726 effer,
375 3640 402 3676 “
418 3633 519 3707 none
535 3631 653 3706 castris
665 3635 857 3708 excedere'‘
868 3633 980 3732 jubet.
1032 3637 1120 3709 Inde
1133 3657 1236 3708 atrox

258 3780 395 3849 rumor,
417 3752 665 3829 affirmantibus
689 3752 873 3852 plerisque,
915 3763 942 3799 “
960 3754 1172 3847 interfectos,
1198 3774 1240 3829 ac
