2806 4694
245 352 293 422 42
464 325 508 398 G.
541 323 1074 404 Coauarrr'l'acrrt

240 500 450 583 Amicorum
478 501 767 602 libertonrmque,
794 502 856 577 ubi
881 501 917 576 in
946 504 1056 578 bonos
1086 502 1225 579 incidis.

240 621 302 712 set,
337 625 405 696 stne
442 625 704 721 reprebenfione
743 624 901 722 patiens:
930 626 955 696 fi
983 621 1070 707 mali
1096 621 1223 714 forent,

239 743 406 841 usquead
425 743 734 842 culpamignarus.
782 743 850 818 Sed
879 742 1011 818 claritas
1038 744 1222 834 natalium,

237 867 407 937 &metus
435 882 637 962 temporum
665 864 842 967 obtentui,
872 883 925 954 ut,
955 864 1053 961 quod
1078 863 1223 964 segnitia

231 1005 317 1073 arat,
351 981 515 1080 sapientia
545 1005 741 1058 vocaretur.
801 987 900 1059 Dum
934 984 1079 1084 vigebat
1116 1006 1216 1073 aetas,
1333 1046 1337 1052 .

234 1104 374 1192 militari
400 1105 504 1185 laude
531 1105 628 1202 apud
644 1104 847 1177 Germanias
864 1105 1005 1179 floruit:
1034 1104 1219 1203 proconsul

238 1224 396 1313 Africam
418 1223 620 1311 moderate:
640 1221 717 1322 jam
733 1221 861 1312 senior,
874 1224 1071 1299 citeriorem
1087 1224 1220 1322 Hispa·

238 1347 334 1449 niam
352 1343 565 1445 parijustitil
581 1343 780 1419 continuit:
812 1342 925 1441 major
952 1343 1089 1442 privato
1112 1343 1219 1434 visus,

236 1470 325 1545 dum
358 1466 513 1565 priuatus
546 1462 624 1555 fuit,
657 1469 691 1538 δι
727 1463 890 1547 omnium
915 1462 1080 1537 consensu
1109 1489 1223 1562 capax

238 1585 387 1684 imperii,
414 1585 474 1668 nist
499 1584 707 1681 imperasset.

294 1708 342 1784 L.
377 1707 600 1778 Taurinam
627 1706 781 1791 Urbem,
803 1730 844 1778 ac
875 1706 974 1778 llmul
1003 1704 1219 1780 atrocitatem

236 1825 382 1904 recentis
399 1823 548 1915 sceleris,
564 1826 664 1897 simul
692 1846 825 1899 veteres
846 1824 998 1898 Othonis
1021 1849 1134 1905 mores
1157 1849 1219 1923 pa·
1299 1828 1301 1831 ’

145 1984 147 1986 ·
240 1968 395 2035 ventem,
424 1970 537 2022 novus
562 1943 700 2042 insuper
738 1953 764 1987 “
778 1947 824 2017 de
856 1945 1037 2036 Vitellio,‘'
1080 1946 1220 2029 nuntius

117 2102 125 2110 ·
239 2066 419 2155 exterruit,
442 2084 523 2139 ante
540 2065 673 2140 caedem
700 2067 824 2161 Galbae
849 2064 1056 2164 suppressus,
1081 2088 1121 2150 ut
1145 2087 1222 2140 tan·

237 2189 315 2262 tltm
331 2184 508 2286 superioris
523 2185 720 2269 Gennaniae
737 2186 932 2263 exercitum
946 2184 1125 2267 desciviffe
1143 2210 1219 2259 cres
1283 2222 1293 2228 -

238 2310 385 2392 deretur,
450 2306 549 2387 Tum
578 2312 605 2355 “
618 2307 721 2395 diros,
748 2308 908 2389 omnium
931 2306 1137 2409 mortalium
1154 2306 1220 2380 im·

205 2470 207 2473 v
239 2436 267 2485 ‘·‘
287 2426 467 2528 pudicitia,
490 2426 643 2524 ignavia,
661 2427 813 2518 luxuria,
831 2428 1047 2517 deterrimos,
1061 2429 1159 2500 uelut
1176 2427 1221 2505 ad
1275 2465 1277 2471 ’

241 2548 517 2647 “perdendum
538 2546 724 2644 imperium
759 2545 906 2622 fataliter
944 2549 1114 2639 eleuos,²²
1149 2573 1221 2630 non

238 2671 374 2744 senatus
402 2665 512 2739 modo
537 2671 571 2739 δι
594 2691 713 2763 eques,
737 2669 817 2764 quls
839 2666 958 2765 aliqua
984 2693 1063 2765 pars
1086 2672 1222 2748 &cura

208 2785 451 2884 ·reipublicae‚
484 2783 543 2862 sed
574 2787 703 2886 vulgus
745 2783 888 2886 quoque
924 2789 1039 2885 palam
1068 2812 1221 2871 maerere.

202 2991 204 2997 Α
235 2908 316 2981 Nec
328 2894 404 3007 jam
426 2906 575 2983 recentia
597 2906 696 2983 savae
725 2907 816 3005 pacis
834 2911 1011 3007 exempla,
1039 2907 1098 2982 sod
1118 2934 1218 3006 repe·

237 3029 300 3107 titl
317 3030 493 3113 bellorum
509 3027 665 3102 civilium
684 3029 865 3118 memorial,
893 3036 1070 3127 “captam
1092 3027 1221 3107 totiena

238 3147 352 3223 “suis
379 3149 587 3231 exercitibus
612 3150 764 3238 Urbem,
795 3148 990 3232 vastitatem
1014 3148 1137 3238 Italiae,
1163 3149 1219 3223 di-

239 3277 267 3315 “
285 3269 459 3368 reptiones
476 3268 749 3368 provinciarum,
772 3268 994 3360 Pharsaliam,
1017 3268 1217 3366 Philippos,

239 3394 320 3465 ⁸⁴&
350 3392 525 3466 Perusiam
547 3416 589 3464 ac
618 3389 840 3480 Mutinam,''
879 3409 961 3462 nota
999 3390 1220 3488 publicarum

239 3510 394 3588 cladium
412 3511 569 3602 nomina,
591 3512 833 3610 loquebantur,
884 3515 912 3551 “
926 3508 1042 3607 Prope
1061 3509 1219 3599 eversum

240 3642 268 3679 “
286 3634 412 3707 orbem
445 3630 551 3705 etiam
580 3632 663 3705 clim
689 3631 734 3704 de
767 3628 962 3728 principatu
989 3628 1079 3714 inter
1103 3632 1232 3724 bonos

240 3765 267 3803 “
287 3772 493 3838 certaretur:
517 3748 574 3838 sed.
597 3752 753 3836 manuue
771 3752 814 3833 C,
830 3749 939 3856 Julio,
965 3750 1121 3834 manfiffe
1137 3752 1215 3844 Ca„
