2820 4694
329 366 954 444 H1sson1nnuntL1u.llI.
1063 390 1196 489 197⁴
1292 347 1296 366 ¹

72 549 76 558 '
154 535 283 614 lentem
313 540 460 615 comiter
488 561 690 639 exceptum,
738 548 765 583 “
785 566 829 614 ne
857 539 1008 614 Galliam
1036 541 1129 613 Nar-

154 669 182 705 “
200 659 387 736 bonensem
416 680 544 735 temere
571 663 827 759 ingrederetur”
855 660 1031 733 monendo
1060 681 1126 732 ter·
1164 681 1166 684 ⁴

152 782 246 855 ruit:
276 783 373 854 simul
391 800 586 855 ceterorum
614 781 701 854 fides
721 803 817 855 metu
834 780 1002 854 instash:
1030 801 1128 854 nam.
1246 810 1248 813 v

155 925 225 999 (Ιῑ16
257 900 502 1001 ,Circumjtfflss
543 901 698 983 civitates
736 920 936 999 procurator
975 897 1165 972 Valerius·
1208 1000 1209 1003 Ἴ
1322 914 1323 917 ’

153 1020 343 1112 Paullinus,
361 1022 514 1095 strenuus
531 1021 676 1112 militiae,
696 1027 729 1095 δι
747 1021 950 1119 Vespasiano
966 1041 1046 1095 ante
1062 1018 1131 1093 sor·

152 1162 276 1215 tunam
295 1141 442 1232 amicus,
469 1142 505 1214 in
528 1144 635 1215 verba
651 1140 720 1239 ejus
737 1143 910 1240 adegerat.

202 1263 340 1335 XLIIL
365 1262 643 1348 Couctmsopu
672 1261 849 1352 omnibus,
875 1261 936 1359 qui
965 1260 1140 1335 exauslo·'

155 1380 219 1453 rati
245 1406 266 1453 a
295 1379 438 1454 Vitellio
466 1381 598 1454 bellum
624 1382 744 1479 sponte
766 1380 958 1470 sumebant,
979 1379 1128 1479 'Foroju-

155 1497 297 1573 liensem
324 1500 511 1597 coloniam,
536 1501 679 1574 claustra
703 1501 817 1595 matis,
837 1501 994 1599 praefidio
1010 1503 1131 1574 tueba-

127 1618 130 1621 “
155 1639 235 1706 tut;¹
259 1619 303 1709 eo
319 1620 455 1719 gravior
477 1622 611 1711 auctor,
644 1621 738 1719 qubd
756 1621 916 1719 Paullino
934 1620 1041 1719 patria
1062 1622 1130 1694 Fo-

110 1784 115 1793 ·
153 1764 232 1814 rum
258 1741 358 1836 Julii,
387 1746 421 1816 δι
447 1743 560 1818 honos
587 1743 680 1838 apud
711 1741 944 1839 praetorianos,
978 1766 1130 1839 quorum

153 1861 335 1959 quondam
352 1861 510 1937 tribunus
525 1861 643 1937 suerat.
693 1864 830 1959 Ipsique
848 1860 988 1960 pagani,
1013 1859 1131 1934 favore

152 1979 370 2078 municipali,
395 1987 428 2057 a
453 1981 578 2057 suturae
597 1982 759 2080 potentiae
787 1980 860 2082 spe,
879 1979 1003 2077 juvare
1021 2001 1131 2077 partes

151 2101 416 2176 adnitebantut:
446 2128 525 2201 quae
541 2103 602 2177 ubi
630 2123 749 2200 paratu
766 2103 880 2189 firma,
907 2106 941 2173 δι
957 2102 1058 2175 ausla
1073 2126 1131 2175 ru·

152 2247 263 2312 more,
292 2224 386 2321 apud
403 2222 516 2296 varios
534 2221 799 2296 Vitellianorum
816 2221 952 2294 animos
968 2220 1131 2294 increbu-

150 2340 230 2428 ἕως
250 2343 378 2417 Fabius
389 2345 516 2417 Valens
533 2368 613 2417 cum
627 2363 776 2441 quatuor
791 2332 1076 2439 speculatoribus,
1096 2345 1148 2417 δε,
1207 2389 1216 2396 -

149 2461 258 2537 tribus
275 2463 408 2554 amicis,
433 2463 579 2538 totidem
596 2461 869 2552 centurionibus,
892 2462 937 2535 ad
955 2485 1058 2534 naves
1076 2485 1127 2534 re·
1186 2550 1191 2563 ,

154 2568 308 2679 greditur
322 2610 346 2656 tv
361 2586 519 2674 Maturo,
535 2581 723 2680 ceterisque
740 2607 929 2672 remanere,
948 2586 980 2655 δι
999 2582 1034 2654 in
1051 2606 1130 2654 ver·
1211 2650 1215 2662 ,

152 2702 199 2774 ba
215 2700 407 2798 Vespasiani
434 2703 529 2801 adigi
552 2702 751 2777 volentibus
774 2701 852 2776 fuit.
902 2703 1065 2775 Ceterum
1089 2722 1129 2775 ut

152 2821 251 2894 ma're
277 2820 383 2895 tutius
398 2822 551 2911 Valenti,
577 2823 684 2920 quam
707 2823 820 2912 litora,
845 2843 905 2897 aut
929 2825 1052 2908 urbes3
1081 2821 1130 2895 ita

110 3036 111 3039 Ἴ
153 2939 260 3014 sututi
277 2940 477 3040 ambiguus,
497 2945 530 3016 δι
549 2942 662 3041 magis
678 2943 765 3041 quid
790 2924 926 3033 uitaret,
945 2943 1054 3041 quam
1073 2942 1129 3015 cui
1214 3020 1227 3043 Ι

152 3061 290 3152 fideret,
304 3063 582 3165 certus,advetsa
594 3064 796 3161 tempestate
808 3065 1021 3154 Stoechadas‚
1035 3064 1131 3138 Mas·

152 3179 336 3263 filienfium
353 3180 490 3273 insulas,
509 3184 669 3257 affertur:
690 3184 837 3258 ibicum
856 3184 961 3258 miffae
986 3209 1007 3257 a
1024 3186 1129 3260 Paul·

152 3300 226 3376 lino
238 3301 421 3379 liburnica
437 3303 643 3400 oppressere.

199 3423 333 3498 XLIV.
359 3424 497 3498 Casto
510 3426 669 3513 Valente,
688 3424 811 3511 cuncla
828 3423 872 3496 ad
890 3423 1029 3498 victoris
1046 3451 1150 3524 opes

152 3542 328 3635 conversa,
355 3544 453 3618 initio
480 3553 540 3642 per'
556 3542 800 3640 Hispaniama
824 3543 934 3640 prima
951 3543 1129 3641 Adiutrice
1164 3530 1166 3537 ⁵

152 3662 290 3761 legione
319 3685 408 3755 ortu,
438 3691 516 3763 quae
540 3661 709 3737 memoria
728 3661 1049 3754 Othonis,·insensa
1065 3666 1126 3734 Vi·

152 3782 262 3879 tellio,
286 3782 462 3862 decimam
489 3807 631 3883 quoque
658 3806 699 3856 ac
731 3780 862 3861 sextam
887 3784 1000 3859 traxit.
1049 3783 1086 3855 N
1089 3805 1128 3855 ec

623 3903 757 4001 03,
