2820 4694
222 397 342 470 ·294
474 372 1063 466 CConursarrTacrnr

266 546 437 620 solvenda
468 547 505 620 in
534 549 713 645 posterum
735 551 846 647 culpae
878 546 1000 621 secere.
1051 546 1245 644 Legiones,

267 667 353 741 nihil
371 691 503 743 mutato
520 671 654 761 itinere,
669 693 747 744 ante
765 671 896 744 moenia
906 672 1141 742 Treverorum
1159 693 1245 741 con·
1317 733 1320 738 .

266 791 391 863 sidunt.
1138 769 1149 874 l,

315 913 451 985 LXlll.
485 912 645 985 Crvrms
679 918 712 985 a
746 914 923 1001 Clafficus,
958 912 1061 985 rebus
1090 909 1248 985 secundis

267 1031 403 1122 sublati,
430 1059 473 1105 an
496 1033 678 1105 Coloniam
700 1032 993 1131 Agrippinensem
1017 1018 1251 1129 diripiendam

267 1153 476 1226 exercitibus
500 1153 566 1225 suis
596 1153 848 1251 permitterent,
878 1154 1094 1227 dubitavere.
1142 1151 1246 1223 Savi-

267 1273 314 1346 tia
333 1273 477 1372 ingenii,
498 1279 531 1348 δι
550 1274 714 1371 cupidine
731 1274 872 1370 praedae,
901 1275 945 1347 ad
964 1273 1140 1347 excidium
1164 1271 1248 1345 civi-

266 1393 343 1466 tatis
367 1397 614 1468 trahebantur:
643 1395 801 1469 obstabat
826 1395 912 1468 ratio
933 1395 1028 1484 belli,
1061 1398 1094 1468 br
1119 1416 1251 1466 novum
1290 1460 1293 1467 ,

269 1513 456 1611 imperium
498 1515 739 1589 inchoantibus
780 1515 874 1587 utilis
915 1517 1109 1588 clementia
1146 1495 1249 1586 sama.

265 1633 416 1707 Civilem
435 1637 540 1710 etiam
559 1636 716 1710 beneficii
741 1637 911 1709 memoria
928 1636 1039 1726 flexit,
1067 1634 1163 1732 qubd
1184 1636 1249 1707 lili-

265 1779 327 1824 um
345 1753 431 1851 ejus,
462 1757 577 1853 primo
596 1783 709 1830 rerum
726 1780 839 1846 motu,
868 1758 905 1829 in
922 1756 1060 1830 colonia
1081 1752 1246 1852 Agrippi-

266 1876 358 1943 nensi
389 1875 657 1970 deprehensum,
694 1879 860 1951 honorate
889 1876 1131 1950 custodierant.
1180 1876 1248 1947 Sed

265 1988 537 2068 Transrhenanis
573 1996 737 2092 gentibus
769 1998 875 2071 invisa
904 1999 1035 2088 civitas,
1071 1996 1250 2093 opulentia

266 2115 450 2212 ausluque.
517 2118 646 2215 Neque
679 2120 786 2192 alium
816 2122 921 2192 finem
953 2117 1034 2191 belli
1066 2121 1247 2205 rebantur,

266 2235 376 2335 quarn
394 2239 416 2308 fi
437 2236 628 2334 promiscua
645 2265 686 2312 ea
701 2239 794 2313 sedes
812 2239 973 2313 omnibus
994 2237 1175 2311 Germanis
1192 2235 1246 2309 fo·

266 2382 332 2457 rer,
352 2379 410 2431 aut
427 2357 582 2456 disjeela,
601 2360 716 2433 Ubios
730 2388 873 2459 quoque
889 2360 1099 2457 dispersrllet.

289 2481 292 2488 ’
315 2481 451 2559 LXIV.
478 2482 618 2552 lcrrua
636 2477 817 2570 Tenderi,
837 2484 967 2556 Rheno
988 2480 1130 2554 discreta
1146 2506 1247 2577 gens,

265 2600 369 2675 miffis
394 2600 530 2699 legatis,
553 2604 717 2675 mandata
740 2604 833 2700 apud
866 2602 1055 2676 concilium
1079 2599 1248 2700 Agrippi-

224 2748 232 2765 „
266 2725 423 2795 nenfium
440 2720 651 2819 edijubent:
674 2750 753 2820 quae
776 2714 1001 2796 ferocissimus
1018 2750 1038 2796 e
1055 2723 1190 2820 legaris,
1215 2722 1251 2795 in

265 2845 358 2918 hunc
388 2844 536 2916 modum
567 2843 727 2941 protulit:
757 2851 784 2886 “
803 2844 947 2918 Redisse
975 2871 1038 2916 vos
1061 2843 1097 2915 in
1126 2868 1251 2940 corpus

265 2975 293 3009 “
312 2965 730 3063 nomenqueGermaniae,
743 2965 991 3062 communibus
1008 2964 1095 3056 deis,
1111 2969 1145 3037 δι
1164 2991 1250 3062 prae-

266 3092 293 3128 “
312 3085 416 3182 cipuo
444 3088 589 3160 deorum
612 3085 735 3177 Marti,
763 3108 872 3185 grates
896 3087 1057 3186 agimus:
1081 3085 1251 3183 vobisque

269 3211 296 3247 “
316 3208 546 3301 gratulamur,
577 3206 674 3305 quod
704 3208 847 3303 tandem
875 3207 975 3281 liberi
1003 3208 1092 3280 inter
1122 3206 1249 3278 liberos

267 3330 293 3365 “
312 3325 414 3398 eritis.
465 3330 561 3401 Nam
573 3330 726 3401 adhunc
744 3328 853 3417 diem,
866 3328 1012 3401 flumina
1026 3354 1066 3400 ac
1082 3348 1196 3428 terras,
1210 3327 1245 3396 δι

266 3453 293 3487 “
313 3447 437 3517 calum
466 3449 730 3544 quodammodo
754 3448 881 3547 ipsum,
903 3448 1087 3523 clauserant
1110 3448 1248 3516 Roma·

216 3635 218 3637 ,
265 3574 291 3611 “
311 3564 369 3638 ni:
389 3585 428 3636 ut
446 3571 633 3664 conloquia
650 3568 918 3669 congressusque
930 3568 1059 3642 nostros
1075 3585 1245 3637 areerent:

265 3694 292 3731 “
312 3686 381 3773 uel,
398 3687 497 3782 'quod
514 3670 793 3764 contumeliosus
812 3692 861 3764 est
873 3690 953 3764 viris
967 3687 1012 3761 ad
1029 3712 1125 3759 arma
1142 3686 1247 3775 nat-is,

264 3818 291 3852 “
311 3796 459 3883 inermes
472 3832 512 3882 ac
525 3809 635 3907 prope
652 3812 752 3904 nudi,
765 3810 829 3887 sub
841 3812 982 3887 custode
995 3815 1028 3886 ὃ(
1043 3809 1156 3910 pretio
1174 3808 1247 3882 coi-
