2806 4694
335 353 750 439 llrsronrssuru
782 369 898 441 Lrs.
931 358 961 441 l.
1058 383 1154 469 ,47

170 533 198 578 “
215 528 277 608 nisr
297 534 360 633 ipsr
384 533 612 628 consulerent,
640 536 727 628 fore,
751 560 791 613 ut
812 540 969 614 acerrimi
987 539 1155 631 militum,

167 663 196 699 “
218 661 253 730 ὅτ
285 654 464 754 prasentia
488 659 687 755 conquesti,
712 683 772 757 per
797 664 968 750 tenebras,
993 644 1030 735 ’ἃ
1051 659 1153 734 insci-

169 775 299 851 “tiam
317 797 527 868 ceterorum,
551 774 829 854 occiderentur.’'
878 781 1154 879 obstringuntur

163 893 253 971 inter
268 897 302 972 se
326 899 431 971 tacito
448 895 583 973 foedere
601 900 766 998 legiones.
818 900 1030 975 Adsciscitur
1052 901 1152 974 auxi-

168 1018 294 1092 liorum
312 1018 426 1108 miles,
449 1018 561 1118 primis
578 1018 764 1118 suspedius‚
781 1040 981 1120 tamquam,
1004 1021 1155 1095 circurn-

165 1140 256 1214 datis
274 1139 479 1214 cohortibus
497 1138 640 1238 alisque,
666 1141 819 1238 impetus
835 1142 870 1215 in
885 1141 1038 1239 legiones
1056 1165 1154 1238 para·

165 1280 274 1350 retur,
312 1286 400 1334 mors
415 1259 541 1334 eadem
557 1261 668 1335 acrius
692 1263 863 1347 volvens;
893 1260 1046 1335 faciliore
1063 1262 1155 1336 inter

162 1383 277 1455 malos
297 1375 460 1455 consensu
479 1381 523 1455 ad
541 1383 686 1473 bellum,
710 1382 820 1481 quim
838 1382 872 1455 in
895 1406 982 1481 pace
1000 1383 1047 1454 ad
1067 1407 1152 1456 con-

169 1503 342 1576 cordiam.
402 1488 409 1497 i
724 1521 727 1525 “
988 1587 992 1597 Ι

218 1623 298 1698 LV.
336 1623 571 1703 lnrsnrosrs
606 1644 723 1696 tamen
753 1622 951 1697 Germania
980 1622 1151 1723 legiones,

165 1744 325 1818 sollemni
345 1744 585 1818 Kalendarum
603 1744 844 1841 Januariarum
862 1743 1075 1818 sacramento
1093 1768 1158 1843 pro

166 1867 282 1939 Galba
299 1865 443 1954 adadtae,
469 1867 580 1938 multi
596 1865 830 1956 cunctatione,
858 1864 997 1938 &raris
1020 1864 1155 1964 primo-
1264 1907 1267 1911 ·

167 2010 248 2062 rum
275 1984 440 2058 ordinum
472 1985 644 2061 vocibus:
680 1984 786 2060 ceteri
820 1984 966 2076 lllentio‚
1001 1985 1154 2084 proximi

166 2102 330 2204 crrjusque
346 2106 529 2180 audaciam
545 2103 809 2206 exspedta‘ntes3
832 2106 930 2180 insiti
948 2106 1156 2180 mortalibus

167 2229 300 2317 naturl,
332 2227 480 2324 propere
497 2225 613 2324 sequi*
633 2252 713 2325 quae
739 2225 835 2326 piget
861 2226 1036 2301 inchoare.
1086 2229 1156 2302 Sed

167 2346 245 2444 ipfis
266 2346 465 2446 legionibus
493 2346 602 2420 inerat
620 2345 793 2422 diversus
816 2348 1025 2423 animorum.
1076 2347 1152 2420 Pri·

167 2467 276 2560 mani,
295 2467 527 2566 quintanique
540 2468 671 2542 turbidi
687 2463 789 2559 adesi,
808 2490 847 2543 ut
859 2468 1006 2569 quidam
1022 2464 1156 2542 sarain

139 2649 141 2651 .
167 2590 293 2662 Galba
315 2589 489 2688 imagines
506 2586 674 2688 jecerint:
705 2589 967 2687 quintadecima
984 2614 1024 2664 ac
1040 2587 1153 2664 sexta·

166 2707 305 2781 decima
329 2710 497 2808 legiones,
527 2707 629 2799 nihil,
659 2711 750 2784 ultra
771 2709 1002 2784 fremitum&
1028 2708 1153 2799 minas,
1215 2740 1216 2743 ¹

168 2825 273 2915 ausae,
301 2827 437 2902 initium
466 2831 674 2928 erumpendi
705 2830 1050 2928 circumspec'tabanr.
1102 2836 1155 2904 At

167 2948 205 3020 in
246 2946 412 3045 superiori
446 2949 611 3041 exercitu,
650 2971 773 3050 quatra
800 2975 841 3024 ac
885 2951 1157 3025 duoetvicesrma

166 3068 339 3179 legiones,
369 3069 488 3144 iisdem
519 3068 670 3146 bibernis
698 3072 893 3159 tendentes,
924 3069 998 3166 ipso
1023 3073 1154 3145 Kalen·

166 3190 290 3268 darum
308 3190 552 3286 Januariarum
569 3193 630 3266 die
649 3192 858 3290 dirumpunt
879 3190 1051 3289 imagines
1068 3196 1156 3267 Gal·

165 3311 240 3383 bae:
270 3331 394 3410 quarta
415 3312 509 3411 legio
529 3310 738 3411 promptiirs,
761 3311 1031 3385 duoetvicesrma
1047 3339 1155 3389 cunc·

166 3449 291 3519 tanter,
320 3457 408 3506 mort
431 3431 609 3523 consensu,
632 3457 673 3505 ac
699 3458 743 3505 ne
767 3430 997 3505 reverentiam
1014 3432 1161 3531 imperii,

166 3575 294 3626 exuere
315 3551 529 3642 viderentur,
546 3551 680 3647 senatuis
699 3555 867 3650 populique
901 3555 1036 3625 Romani
1058 3553 1154 3626 vobli-

163 3691 272 3751 terata
287 3670 362 3772 jam
381 3671 539 3760 nomina,
557 3670 767 3746 sacramento
784 3674 1025 3748 advocabant:
1056 3674 1157 3746 nullo

168 3792 365 3892 legatorum
388 3792 654 3867 tribunorumve
676 3818 739 3891 pro
756 3795 869 3868 Galba
888 3794 1043 3877 nitente3
1074 3789 1153 3887 qui·
