2820 4694
369 350 762 425 Hrsronrnnun
797 350 1000 425 Linlll.
1103 376 1171 450 231

113 593 115 597 .
194 524 309 599 selluld
325 525 501 614 desertum
520 548 573 618 ut,
588 530 610 601 st
627 513 722 602 diem
739 528 868 600 latebras
885 525 1066 617 vitavislet,
1083 529 1174 603 Tar·

192 646 345 719 racinam
361 648 407 720 ad
419 651 576 721 cohortes
594 647 805 745 fratremque
822 646 1029 745 perfugeret.
1066 648 1174 739 Dein,

194 767 387 842 mobilitate
404 766 550 867 ingenii,
570 773 603 841 δι
621 794 700 866 quae
724 788 843 841 natura
860 766 995 865 pavoris
1013 768 1074 858 est,
1092 769 1176 842 cum

181 888 510 979 omniametuenti,
529 886 710 985 praesentia
722 889 875 962 maxime
892 886 1126 987 displicerent,
1140 888 1178 962 in
1215 965 1217 968 Α

89 1079 98 1088 .
195 1011 360 1108 palatium
378 1008 584 1107 regreditur,
610 1007 747 1081 vastum
765 991 1033 1115 desertumque-z
1062 1009 1176 1106 dilap-
1287 1089 1290 1096 ,

195 1133 236 1204 srs
263 1130 369 1204 etiam
401 1128 531 1212 infimis
554 1126 787 1218 servitiorum,
813 1152 873 1203 aut
896 1129 1077 1204 occursum
1106 1129 1179 1229 ejus
1218 1213 1222 1221 ,

194 1249 462 1325 declinantibus.
485 1263 491 1268 ‘'
511 1250 634 1323 Terret
655 1237 819 1341 solitudo,
849 1255 882 1323 δι
911 1270 1064 1324 tacentes
1082 1249 1175 1338 loci:

196 1391 313 1444 tentat·
326 1367 461 1443 clausa:
488 1367 685 1443 inhorrescit
701 1371 843 1444 vacuis:
870 1368 1038 1470 fessusque
1055 1368 1178 1444 misero

196 1514 325 1580 errore,
360 1495 395 1563 δι
426 1490 590 1589 pudenda
619 1491 751 1564 latebra
782 1481 888 1564 semet
917 1492 1109 1581 occultans,
1133 1493 1179 1565 ab

179 1609 292 1708 ¹Jnlio
303 1609 461 1700 Placido,
474 1610 617 1686 tribuno
634 1610 798 1701 cohonis,
818 1612 1035 1709 protrahitur.
1070 1612 1176 1686 Vinc-

196 1752 240 1806 tae
263 1756 355 1829 pone
386 1752 525 1832 tergum
560 1759 706 1806 manus:
745 1732 870 1806 laniata
902 1732 1008 1823 veste,
1039 1732 1177 1807 foedum

193 1851 445 1951 spectaculum,
458 1856 665 1945 ducebatur,
680 1853 797 1928 multis
814 1853 1085 1951 increpantibus,
1099 1855 1178 1928 nul·
1210 1946 1213 1950 Ι
1249 1929 1256 1945 Ι
1363 1901 1369 1909 1

195 1973 234 2047 lo
260 1972 520 2049 inlacrimante:
540 1973 748 2048 ‘deformitas
771 1975 885 2048 exittls
908 1973 1179 2050 misericordiam

196 2093 392 2170 abstulerat.
443 2095 581 2170 Obvius
598 2095 852 2170 eGermanicis
870 2096 1050 2187 militibus,
1069 2096 1177 2171 Vitel·
1280 2131 1283 2134 <

195 2215 284 2290 lium
313 2216 439 2292 infesto
466 2216 553 2307 istu,
584 2242 648 2314 per
682 2217 786 2307 iram,
822 2214 979 2314 vel'qub
1010 2217 1179 2290 maturitls

195 2336 348 2412 ludibrio
369 2337 555 2427 eximeret,
582 2363 627 2410 an
648 2338 829 2412 tribunum
851 2335 1045 2435 appetierit,
1071 2335 1110 2408 in
1127 2337 1179 2409 in·

193 2478 290 2531 certo
301 2457 381 2547 fuit,
401 2482 521 2531 aurem
536 2456 667 2532 tribuni
682 2436 892 2555 amputavit,
911 2457 1078 2530 aestatim
1095 2483 1179 2531 con·

197 2577 301 2651 sollus
329 2578 389 2652 est.
439 2577 634 2669 Vitellium,
668 2576 797 2652 infestis
827 2578 1051 2653 mucronibus
1078 2603 1179 2651 coac·

196 2717 288 2787 tum,
306 2698 565 2798 modderigere
580 2725 633 2791 os,
652 2704 687 2773 δε
703 2700 826 2775 offerre
841 2699 1072 2791 contumeliis,
1085 2723 1180 2774 nnnc

195 2818 357 2892 cadentes
373 2818 499 2892 statuas
507 2816 596 2910 suas,
616 2822 825 2919 plenamque
842 2821 961 2912 rostra,
978 2841 1038 2894 aut
1054 2822 1180 2894 Galbae

192 2938 433 3015 occistlocum
447 2939 627 3027 contu'eri;
646 2941 822 3039 postremi>
838 2943 882 3016 ad
901 2942 1104 3033 Gemonias,
1119 2940 1180 3015 ubi
1275 2957 1279 2960 ’

196 3085 324 3157 corpus
342 3060 453 3134 Flavii
470 3060 588 3137 Sabini
599 3060 762 3157 jacuerat,
777 3065 973 3162 propulere.
1006 3065 1092 3138 Una
1107 3089 1200 3137 vox=
1277 3117 1284 3147 .
1361 3114 1363 3118 »

194 3206 268 3253 non
294 3182 473 3280 degeneris
497 3182 604 3256 animi
626 3204 786 3281 excepta,
813 3184 896 3258 cum
912 3185 1055 3258 tribuno
1076 3183 1180 3258 insul-

195 3301 296 3392 tanti,
346 3288 565 3377 “letamen
591 3304 842 3401 Imperatorem
870 3301 943 3400 ejus
959 3302 1099 3378 'strille’'
1127 3332 1179 3380 re-

193 3421 343 3518 spondit.
396 3429 452 3498 Ac
475 3424 602 3497 deinde
617 3423 760 3523 ingestis
778 3422 993 3514 vulneribus,
1016 3426 1181 3501 concidit.

196 3544 243 3618 Et
272 3546 401 3642 vulgus
430 3546 552 3619 elidem
581 3545 751 3643 pravitate
769 3540 997 3620 infestabatur
1021 3545 1180 3628 intersecr

78 3696 82 3703 ·
195 3678 287 3756 tum,
303 3669 371 3765 qud
387 3664 519 3743 foverat
537 3665 727 3740 viventem.

653 3788 738 3886 Q
