2766 4658
296 335 545 421 Drntocus
579 363 636 415 on
671 341 992 416 Onnronraos.
1083 364 1132 433 4¹·

157 521 318 624 cupidos,
333 529 399 600 five
415 526 509 624 apud
521 523 728 616 invidentes,
743 530 811 600 five
823 526 916 624 apud
929 524 1053 614 tristes,
1065 526 1134 598 srve
1218 546 1219 550 ’

157 648 254 743 apud
270 645 427 721 timentes
441 645 629 718 dicendum
647 645 819 737 habuerit,
837 647 966 720 tenebit
982 647 1136 719 habenas

155 766 371 842 animorum:
400 770 560 864 &prout
592 762 756 864 cujusque
783 785 905 841 natura
930 763 1134 863 postulabit,

121 986 123 990 ι
158 887 337 962 adhibebit
354 911 514 975 manum,
529 889 563 958 ἃ
580 885 790 982 temperabit
800 887 1003 977 orationem,
1018 905 1147 984 parato.

156 1006 253 1079 omni
282 1006 523 1092 instrumento,
551 1006 585 1075 ἃ
612 1005 658 1079 ad
685 1030 829 1079 omnem
853 1005 952 1080 usum
979 1009 1138 1105 reposrto.
1199 1061 1205 1073 .

115 1177 116 1182 ,
153 1127 241 1199 Sunt
258 1126 351 1222 apud
362 1149 451 1221 quos
463 1124 725 1218 admistum&
742 1125 989 1215 collectum&
1006 1129 1140 1225 singula

156 1244 268 1318 statim
284 1263 486 1342 argumenta
509 1227 723 1319 concludens
746 1245 885 1320 dicendi
909 1270 1032 1343 genus,
1059 1247 1139 1343 plus
1185 1232 1186 1236 ¹
1288 1324 1291 1334 s

87 1470 95 1480 .
159 1363 242 1437 fidei
260 1383 434 1437 meretur:
452 1366 547 1463 apud
568 1367 631 1439 hos
651 1365 782 1466 dedisse
793 1391 934 1464 operam
950 1363 1144 1439 dialectica

159 1483 330 1582 proficiet.
379 1484 481 1560 Alios
505 1485 590 1577 susa,
621 1491 655 1561 lle
684 1486 838 1584 aequalis,
863 1491 897 1560 bc
914 1511 959 1577 ex
975 1510 1139 1559 commu·

118 1653 123 1661 „
156 1603 260 1679 nibus
288 1604 393 1679 dueta
420 1603 567 1682 sensibus
600 1609 724 1698 oratio,
754 1606 866 1705 magis
891 1607 1061 1681 delesiat:
1092 1606 1140 1680 ad
1250 1639 1255 1646 ·
1360 1641 1366 1649 ·

156 1725 223 1798 hos
244 1727 501 1833 permovendos
519 1728 757 1803 mutuabimur
779 1755 800 1803 a
823 1725 1056 1824 Peripateticis
1075 1751 1138 1824 ap·

95 1939 102 1951 x·
154 1864 226 1936 tos,
255 1851 289 1921 dr
316 1845 352 1919 in
369 1872 512 1921 omnem
539 1844 807 1946 disputationem
830 1868 966 1946 paratos
981 1845 1058 1945 jam
1085 1849 1139 1922 lo·

103 1952 105 1956 ¹
154 1991 228 2040 cos.
277 1968 424 2042 Dabunt
440 1968 642 2054 Academici
655 1968 932 2068 pugnacitatem,
947 1970 1046 2042 Plato
1062 1967 1139 2042 alti·

156 2086 331 2178 tudinem,
373 2090 573 2187 Xenophon
598 2084 875 2187 jucunditatem:
916 2113 960 2161 ne
994 2087 1139 2185 Epicuri
1243 2146 1244 2149 ,

156 2207 302 2306 quidem
327 2212 361 2282 δι
389 2208 585 2282 Metrodori
605 2209 762 2282 honestas
778 2205 943 2305 quasdam
966 2208 1140 2295 exclamas

155 2327 267 2401 tiones
300 2326 492 2416 adsumere,
528 2325 663 2424 hisque,
698 2346 801 2423 prout
832 2352 884 2400 res
914 2323 1042 2422 poscet,
1070 2325 1150 2417 uti,

154 2445 310 2519 alienum
325 2444 390 2518 erit
406 2444 558 2527 oratori:
584 2470 699 2545 neque
715 2444 810 2523 enim
827 2444 1014 2543 sapientem
1031 2445 1139 2520 infor-

156 2591 308 2655 mamus,
333 2590 447 2664 neque
463 2563 662 2641 Stoicorum
679 2565 871 2657 civitatem,
886 2565 944 2639 sed
961 2553 1058 2658 eum,
1077 2565 1157 2665 qui

158 2711 231 2759 non
243 2684 410 2783 quasdam
426 2708 513 2759 artes
528 2685 659 2775 audire,
671 2685 729 2759 sed
744 2712 866 2761 omnes
882 2687 1065 2761 liberaliter
1076 2689 1139 2761 de·
1236 2707 1238 2711 ‘

158 2807 230 2880 bet.
279 2807 435 2906 Ideoque
454 2812 486 2880 a
499 2805 584 2905 juris
598 2805 709 2881 civilis
726 2806 900 2882 scientiam
916 2826 1046 2882 veteres
1062 2833 1140 2882 ora-

156 2947 247 3001 tores
259 2929 616 3024 comprehendebant,
634 2930 668 3001 &
686 2926 929 3026 grammatica,
943 2930 1085 3016 musica,
1104 2933 1141 3003 δι

160 3048 350 3147 geometria
384 3047 640 3122 imbuebantur.
706 3047 871 3121 Incidunt
905 3047 999 3121 enim
1032 3048 1141 3124 causae

158 3167 319 3265 plurimae
336 3167 495 3266 quidem,
508 3194 548 3242 ac
565 3192 664 3266 paene
675 3192 811 3258 omnes,
831 3167 958 3267 quibus
968 3167 1057 3266 juris
1074 3196 1138 3244 no·

51 3302 58 3312 ‘
156 3287 234 3362 titia
255 3289 488 3364 desideratur:
520 3290 693 3387 pleraque
714 3308 845 3380 autem,
868 3288 905 3362 in
928 3288 1056 3387 quibus
1084 3292 1141 3364 hae

158 3392 302 3508 quoque
314 3401 461 3484 scientiae
479 3409 710 3508 requiruntur.

209 3533 367 3606 XXXII.
390 3522 478 3605 Nae
498 3529 681 3628 quisquam
706 3526 910 3628 respondeat
934 3528 1085 3605 sufficere
1101 3549 1153 3607 ut

160 3647 205 3722 ad
232 3671 370 3750 tempus
397 3652 542 3749 simplex
565 3650 734 3748 quiddam
762 3651 801 3724 δε
823 3648 995 3725 uniforme
1014 3652 1140 3723 docea-

161 3795 253 3845 mur.
301 3773 461 3849 Primum
485 3771 579 3846 enirn
595 3769 695 3846 aliter
712 3770 842 3850 utimur
860 3771 1019 3874 propriis,
1042 3768 1143 3844 aliter
