2820 4694
334 340 727 416 Hissotttasurn
760 343 870 415 Lrs.
903 343 968 416 ΙΙΙ.
1081 369 1147 444 199

92 537 97 558 ‘
164 539 232 605 tes.
274 513 325 586 'Id
340 513 489 605 bellum,
516 540 602 589 curn
625 520 731 592 causis
748 519 781 589 δι
800 516 982 591 eventibus
1000 518 1147 613 (etenim
1178 550 1180 556 ·

167 634 308 733 longiis
326 637 529 733 provedum
543 636 610 730 est)
630 662 716 711 mox
729 637 1012 710 memorabimus.
1061 640 1147 710 Mo·

166 778 204 833 ta
233 761 267 830 δι
291 758 473 831 Dacorum
500 783 599 855 gens,
627 783 822 855 numquam
849 757 932 847 fida,
966 777 1051 831 tunc
1080 761 1149 832 fine

168 897 278 965 metu,
311 877 466 952 anduno
498 899 519 951 e
552 879 682 959 Maesti
715 877 879 952 exercitu.
938 878 1005 951 Sed
1035 877 1165 974 prima.

168 1023 283 1071 terum
311 996 421 1095 quieti
443 997 727 1095 speculabantur:
758 999 820 1072 ubi
844 1000 989 1100 flagrare
1013 996 1149 1070 Italiam

167 1118 276 1207 bello,
302 1119 430 1192 cunda
450 1117 604 1192 invicem
620 1118 768 1208 hostilia,
792 1121 981 1215 accepere3
1009 1144 1147 1215 expug-

171 1237 260 1311 natis
275 1237 476 1312 cohortium
491 1222 694 1336 alarumque
718 1238 884 1327 hibernis,
914 1240 1059 1337 utrisque
1076 1238 1149 1311 Da·

170 1356 270 1431 nubii
292 1355 366 1454 ripd
390 1358 617 1455 potiebantur.
668 1361 819 1455 Jamque
836 1358 943 1432 castra
968 1357 1150 1454 legionum

171 1475 374 1551 exscindere
392 1479 584 1574 parabant,
608 1476 644 1550 ni
670 1477 859 1551 Mucianus
881 1477 1013 1552 sextam
1037 1477 1148 1577 legio·

171 1621 254 1670 nem
278 1595 500 1694 opposuiffer,
519 1597 759 1671 cremonenfis
774 1597 923 1675 vistoriae
935 1623 1082 1695 gnarus,
1109 1624 1149 1672 ac

166 1740 214 1797 ne
242 1733 386 1790 externa
413 1718 523 1792 moles
555 1718 731 1816 utrimque
763 1717 950 1816 ingrueret,
979 1721 1002 1791 si
1030 1720 1150 1791 Dacus

124 1933 128 1942 .
163 1836 435 1935 Germanusque
443 1837 567 1938 diversi
582 1837 798 1935 inrupissent.
849 1835 991 1926 Adfuit,
1009 1858 1047 1910 ut
1062 1835 1151 1934 saepe
1262 1818 1265 1830 ¹

80 2032 83 2039 ,
170 1957 268 2047 alins,
287 1955 423 2031 fortuna
447 1958 570 2054 populi
588 1958 757 2048 Romani,
777 1983 859 2055 quae
872 1958 1081 2032 Mucianum
1098 1957 1150 2031 vi·
1232 1936 1236 1954 ’

169 2075 288 2176 resque
309 2076 461 2151 Orientis
478 2078 561 2152 illuc
586 2077 689 2151 tulit:
719 2085 752 2153 δι
779 2079 876 2177 quod
892 2080 1077 2154 Cremonae
1097 2078 1149 2152 in·
1189 2068 1192 2072 ¹
1237 2157 1242 2174 .
1273 2079 1278 2100 '

168 2198 268 2273 terim
301 2198 540 2297 transegimus.
602 2199 782 2273 Fonteius
800 2180 961 2297 Agrippa
994 2226 1039 2273 ex
1068 2203 1148 2276 Asta
1280 2181 1286 2188 ,

79 2357 81 2364 ·
171 2319 396 2416 (proconsule
413 2344 492 2392 eam
510 2318 725 2416 provinciam
743 2346 860 2394 annuo
883 2320 1030 2417 imperio
1047 2341 1148 2394 tenu·

169 2441 258 2533 erat)
284 2442 422 2514 Moe'fiae
449 2444 648 2537 praepofitus
665 2439 733 2513 est:
764 2439 886 2514 additis
911 2440 1021 2537 copiis
1045 2464 1064 2512 e
1087 2439 1149 2512 Vi-

154 2558 307 2634 telliano
331 2559 501 2650 exercitu,
527 2585 634 2658 quem
650 2559 763 2660 spargi
787 2586 848 2658 per
872 2559 1081 2659 provincias,
1114 2564 1148 2634 δι

171 2697 317 2753 externo
333 2681 426 2752 bello
443 2678 596 2780 inligari,
614 2706 689 2778 pars
706 2681 850 2770 consrlii,
869 2656 1028 2778 pacisque
1039 2700 1123 2753 erat.

173 2849 177 2855 -
221 2799 375 2872 XLVII.
410 2800 501 2873 Nae
529 2821 651 2882 ceterae
677 2800 832 2876 nationes
868 2804 1021 2876 silebant.
1085 2801 1149 2876 Su·
1237 2806 1243 2822 '

116 2908 125 2922 ’
171 2917 244 2993 bita
271 2943 331 3014 per
347 2920 501 2994 Pontum
516 2946 613 2995 arma
632 2924 818 2998 barbarum
840 2915 1069 3019 'mancipium
1096 2947 1148 2997 re·

170 3036 239 3136 gie
264 3040 442 3136 quondam
468 3041 574 3115 claffis
598 3043 794 3138 praefecius,
821 3064 1000 3117 moverat:
1032 3040 1150 3118 isfuit

96 3240 98 3243 ¹
169 3157 353 3250 Anicetus,
381 3161 579 3235 Polemonis
597 3163 752 3253 libertus,
776 3185 970 3262 prepotens
995 3164 1095 3255 olim,
1116 3171 1150 3239 δι

169 3277 355 3378 postquam
378 3305 528 3381 regnum
551 3282 588 3356 in
609 3281 760 3358 formam
785 3284 970 3381 provinciae
989 3305 1148 3375 verterat,

152 3377 370 3475 ¹mutationis
386 3402 581 3501 impatiens.
629 3402 742 3501 Igitur
758 3402 888 3477 Vitellii
906 3404 1060 3495 nomine,
1088 3407 1150 3480 ad-

168 3519 258 3596 scitis
283 3522 458 3621 gentibus,
475 3550 555 3623 quae
572 3526 724 3611 Pontum
740 3523 914 3613 accolunt,
932 3546 1098 3622 corrupto
1114 3551 1148 3597 tn

168 3640 265 3737 spem
291 3643 488 3741 rapinarum
515 3643 728 3742 egentissimo
755 3630 911 3742 quoque,
941 3645 1034 3739 haud
1058 3664 1148 3716 tem-

169 3761 294 3837 nendae
326 3765 450 3838 nunus
492 3763 631 3850 ductor,
667 3762 943 3861 Trapezuntem,
978 3762 1148 3838 vetustam

605 3883 640 3955 Ο
663 3908 688 3973 4
1006 3887 1010 3895 ’
