2844 4704
271 358 369 426 104-
503 331 544 404 C.
575 330 846 403 Conunrrr
876 331 1070 405 Trcrrr

265 535 319 599 ac,
349 512 370 581 sr
390 508 457 580 una
470 505 594 597 forent,
613 508 826 605 prevalidas,
845 507 1081 607 dispergendi,
1108 527 1242 605 partem

264 632 471 702 Batavorum
491 634 519 668 “
538 627 586 700 ire
603 628 639 701 in
656 626 866 702 subfidium”
882 627 994 728 jubet.
1044 628 1154 725 Qrod
1180 625 1241 700 ubi
1286 627 1289 629 ’

260 749 431 838 auditum,
458 750 725 847 vulgatumque,
752 774 893 824 maerere
908 748 1001 838 socii,
1032 746 1177 820 fremere
1194 748 1242 820 le·

262 869 395 966 giones,
417 876 445 911 “
462 869 577 941 orbari
594 867 627 942 se
644 868 903 943 fortissimorum
919 869 1072 942 virorum
1086 865 1239 940 auxilio:

267 995 294 1030 “
313 1008 443 1061 veteres
470 988 547 1061 illos
565 992 598 1060 δι
615 1009 666 1061 tot
685 991 857 1062 bellorum
874 989 1034 1078 vidores,
1059 987 1243 1084 postquam

265 1115 293 1152 “
312 1107 348 1179 in
366 1106 550 1204 conspeslu
567 1112 604 1180 srt
622 1108 743 1197 hostis,
771 1110 866 1181 velut
886 1132 931 1182 ex
948 1108 1023 1180 acie
1039 1108 1189 1181 abduci:
1218 1109 1242 1180 li

260 1235 288 1270 “
308 1227 489 1324 provincia
505 1231 605 1302 Urbe
623 1232 656 1300 δι
674 1225 778 1300 salute
796 1228 932 1325 imperii
949 1229 1061 1325 potior
1085 1232 1135 1317 fit,
1165 1253 1241 1301 om·

260 1355 288 1393 “
306 1371 367 1430 nes
384 1347 467 1421 illuc
493 1347 737 1446 sequerentur:
770 1350 817 1420 srn
836 1347 992 1422 victoriae
1015 1346 1150 1437 sanitas,
1175 1346 1241 1420 sus⁴

261 1476 288 1514 “
307 1460 534 1558 tentaculum,
566 1470 730 1542 columen
755 1468 789 1541 iu
804 1469 911 1544 ¹Italis
937 1486 1154 1555 verteretur,
1171 1492 1244 1540 non

262 1594 290 1631 “
307 1590 580 1686 abrumpendos,
606 1609 644 1662 ut
662 1587 813 1685 corpori,
837 1587 1058 1663 validiffunos
1074 1588 1202 1660 artus?

309 1711 449 1782 XXIX.
477 1712 579 1783 HAEc
595 1709 752 1782 ferociter
762 1708 943 1806 jadandq
960 1708 1159 1805 postquam,
1174 1706 1239 1780 im-

260 1828 364 1902 missis
379 1828 570 1918 littoribus,
601 1830 728 1903 Valens
739 1822 905 1903 'codrcere
921 1827 1126 1902 seditionem
1142 1853 1240 1926 coep-

259 1952 367 2037 tabat,
405 1949 517 2046 ipsum
547 1949 731 2037 invadunt,
762 1949 843 2022 saxa
866 1947 1016 2047 jaciunt,
1052 1947 1243 2047 fugientem

257 2067 457 2166 sequuntur.
508 2069 672 2166 “Spolia
693 2070 900 2158 Galliarum,
931 2074 965 2142 &
993 2067 1241 2143 Viennensium

262 2198 289 2259 ,“
307 2215 445 2279 aurum,
476 2194 509 2263 ez
540 2189 647 2286 pretia
680 2192 838 2264 laborum
875 2172 1016 2264 suorum
1044 2190 1240 2262 occultare”

261 2309 491 2398 clamitantes,
527 2309 667 2407 direptis
695 2310 846 2401 sarcinis,
877 2309 1098 2388 tabernacula
1125 2308 1237 2401 ducis,

260 2430 439 2528 ipsamque
471 2432 621 2503 humum
655 2431 732 2527 pilis
773 2436 805 2504 &
840 2433 966 2506 lanceis
997 2431 1236 2506 rimabantur:
1264 2472 1265 2479 κ

165 2637 175 2649 ἱ
260 2578 342 2626 nam
360 2554 501 2641 Valens,
521 2526 632 2624 seriili
651 2551 757 2641 veste,
781 2554 876 2648 apud
894 2552 1116 2631 decurionem
1140 2552 1238 2650 equi-

257 2691 334 2746 tum
360 2674 548 2769 tegebatur.
596 2673 694 2746 Tum
712 2674 895 2769 Alphenus
912 2676 1038 2763 Varus,
1058 2669 1240 2770 praesedtus

258 2792 461 2882 castrorum,
490 2793 700 2890 deflagrante
729 2793 907 2891 paullatim
931 2794 1109 2883 seditione,
1143 2794 1241 2868 addit

259 2911 452 3001 confilium,
470 2912 583 2993 vetitis
595 2913 690 2988 obire
702 2913 837 3013 vigilias
849 2913 1121 3005 centurionibus,
1138 2912 1240 2989 omis·

260 3030 296 3105 so
315 3035 409 3107 tubae
439 3030 538 3123 sonu,
569 3060 641 3131 quo
670 3035 768 3108 miles
796 3035 842 3108 ad
868 3036 951 3110 belli
977 3034 1240 3110 munia'cietur.

259 3151 371 3251 Igitur
385 3174 522 3250 torpere
539 3154 668 3244 cuncti,
688 3153 971 3252 circumspedtare
987 3157 1073 3228 inter
1088 3154 1121 3228 se
1149 3176 1237 3236 attoq

259 3273 323 3346 niti
339 3301 348 3344 ε
377 3279 409 3349 &
429 3274 465 3348 id
479 3271 605 3371 ipsum,
632 3275 730 3372 qubd
747 3301 852 3350 nemo
869 3297 1020 3375 regeret,
1046 3296 1210 3381 paventes
1225 3306 1236 3363 3
1270 3265 1273 3276 ’

259 3392 406 3481 silentio,
432 3393 608 3490 patientias,
636 3394 809 3491 postremi>
840 3399 998 3493 precibus
1021 3423 1061 3471 ac
1089 3397 1240 3471 lacrimis

258 3510 397 3586 veniam
415 3515 625 3608 querebant.
675 3517 729 3588 Ut
746 3516 827 3589 verb
843 3515 1010 3593 deformis
1027 3523 1060 3591 δι
1080 3522 1179 3610 flens,
1207 3523 1241 3593 de

217 3704 221 3706 γ
258 3653 384 3734 praeter
399 3629 495 3728 spem
509 3631 694 3708 incolumis
710 3637 837 3709 Valens
857 3640 1027 3733 proceffit,
1055 3633 1238 3737 garidium,

260 3752 442 3848 miseratio,
476 3748 598 3831 favor:
626 3757 710 3833 versi
728 3754 765 3832 in
787 3755 942 3833 letitiam
968 3758 1096 3854 (utvest
1113 3759 1241 3860 vulgus
