2806 4694
363 350 757 431 Htsronrnnnnt
794 314 978 450 Luni·v
1101 383 1149 463 75

168 528 291 611 sterile.
340 539 434 612 Mox
452 541 575 614 vocata
590 537 775 628 concione,
803 546 830 581 “
849 535 1146 637 majestatemlUr-

170 665 199 699 “
218 656 284 747 bis,
312 663 346 729 δι
371 658 571 733 consensum
594 659 715 757 populi
729 685 769 733 ac
786 656 943 732 senatus''
960 684 1025 754 pro
1042 656 1075 731 se
1096 681 1148 732 at·

168 779 304 867 tollens,
320 776 504 852 adversirnt
522 779 720 852 Vitellianas
738 799 850 875 partes
867 778 1021 851 modeste
1044 777 1147 851 disse·

168 897 262 970 ruit:
292 899 510 973 “inscitiam
541 898 657 996 potitis
688 898 881 996 legionum,
909 898 1017 994 quarn
1039 900 1146 971 auda·

172 1025 199 1061 ‘⁴
218 1017 329 1091 ciant’'
356 1018 548 1115 increpans,
580 1020 674 1092 nulla
690 1018 822 1090 Vitellii
851 1016 1050 1090 mentione:
1079 1021 1147 1090 sive

155 1135 273 1235 'ipfius
290 1163 331 1210 ea
344 1141 553 1224 moderatim
568 1139 624 1211 seu
642 1138 785 1235 scriptor
801 1138 975 1227 orationis,
995 1138 1054 1211 srbi
1072 1164 1146 1212 nte·

170 1278 285 1347 tuens,
305 1259 525 1331 contumeliis
543 1260 577 1330 in
589 1258 767 1332 Vitellium
784 1257 963 1331 abstinuit:
990 1261 1146 1355 quand0,

171 1397 212 1449 ut
234 1378 269 1449 in
294 1379 440 1451 consiliis
465 1378 595 1451 militiae
611 1378 775 1464 Suetonio
799 1378 958 1451 Paullino
975 1384 1008 1451 δι
1027 1378 1147 1454 Mario

171 1496 286 1586 Celso,
316 1497 364 1579 ita
391 1497 427 1570 in
450 1501 551 1572 rebus
576 1499 729 1573 Urbanis
758 1496 886 1572 Galerii
910 1500 1074 1572 Trachali
1093 1500 1146 1573 in-

170 1616 273 1713 genio
303 1619 481 1692 Othonem
515 1619 563 1692 uti
604 1621 828 1726 credebatur:
872 1606 1046 1723 &Jerann
1082 1621 1144 1719 qui
1175 1666 1179 1670 ·

170 1763 280 1835 genus
305 1733 415 1834 ipsum
435 1741 554 1813 orandi
575 1739 765 1830 noscerent,
793 1737 911 1812 crebro
928 1737 994 1811 sori
1011 1739 1072 1813 usu
1087 1766 1145 1814 ce·
1240 1827 1243 1831 .
1317 1836 1320 1842 ⁴

169 1858 278 1947 lehre,
311 1864 343 1931 &
378 1861 421 1931 ad
455 1861 646 1958 implendas
675 1881 784 1949 auset,
813 1861 923 1932 latum
951 1863 984 1932 δι
1009 1858 1147 1945 sonans,

168 1960 313 2051 Clamor
330 1980 499 2078 vocesque
514 1981 627 2080 vulgi,
650 2007 694 2054 ex
712 2005 811 2053 more
832 1981 1009 2073 adulandi,
1028 1982 1145 2057 nirniae

170 2102 204 2170 &
221 2095 329 2171 salsae:
360 2107 453 2197 quast
479 2101 683 2174 dictatorern
702 2100 882 2191 Caesarem,
912 2121 971 2183 aut
990 2104 1143 2201 impera·

167 2237 278 2291 torem
305 2220 509 2319 Augustum
538 2220 833 2318 prosequerentur,
863 2221 909 2294 ita
936 2221 1054 2295 studiis
1079 2249 1143 2296 vo·

167 2336 275 2437 tisque
285 2343 461 2413 certabant
477 2369 485 2411 :
501 2365 564 2412 nec
583 2360 691 2430 metu,
709 2360 767 2412 aut
780 2364 911 2431 amore,
930 2338 987 2412 sed
1004 2366 1048 2414 ex
1066 2341 1143 2416 libi-

167 2459 247 2533 dine
265 2459 404 2548 servitii,
436 2460 528 2533 utin
550 2459 702 2550 familiis,
731 2461 865 2558 privata
881 2459 1006 2557 cuique
1022 2460 1142 2536 stimu·
1241 2451 1243 2454 ’

145 2578 265 2669 satio,
299 2586 332 2653 a
366 2581 436 2653 vile
465 2578 541 2678 jam
576 2582 681 2655 decus
716 2581 907 2678 publicum.
967 2579 1143 2658 Profectus

170 2702 280 2787 Otho,
299 2701 449 2796 quietem
466 2701 575 2775 Urbis
596 2699 763 2800 curasque
779 2701 928 2799 imperii,
947 2701 1061 2777 Salvio
1077 2703 1140 2776 Ti·

172 2817 279 2908 tiano,
307 2818 415 2911 sratri,
444 2820 603 2918 permisit.
