2766 4658
243 340 312 412 302
477 316 1053 393 C.Corunr11Tncrr1

241 489 423 562 Gallorum
456 489 686 588 obsequium:
725 515 808 561 nam
841 488 980 584 recepti
1014 484 1218 582 juventute,

241 608 373 682 facilius
409 608 535 683 tributa
564 611 768 697 toleravdre,
802 610 977 705 proniores
1012 607 1057 679 ad
1085 606 1216 695 officia,

241 729 334 826 qudd
356 727 610 825 spernebantur.
662 736 713 804 At
741 729 861 803 Civilis
888 736 920 802 dr
942 730 1123 816 Classicus,
1153 727 1218 800 ubi

240 858 266 893 “
285 836 420 948 pulsum
436 853 623 940 Tutorem,
654 850 757 925 caesos
773 854 967 939 Treveros,
992 851 1117 923 cunda
1138 840 1233 920 hos-‘

239 979 267 1016 “
285 972 376 1048 tibus
395 972 551 1070 prospera
567 975 756 1070 accepdre:
782 971 907 1069 trepidi
925 997 964 1043 ac
982 991 1217 1067 properantes,

241 1103 267 1137 “
285 1096 374 1167 dum
391 1091 553 1190 dispersas
569 1091 710 1166 suorum
728 1093 844 1189 copias
862 1093 1076 1179 conducunt,
1090 1089 1219 1164 crebris

241 1214 428 1288 “interim
456 1213 584 1286 nuntiis
599 1212 826 1285 Valentinum
844 1214 1025 1300 monudre,
1056 1237 1099 1284 ne
1124 1211 1218 1285 sum-

243 1343 271 1378 “
291 1362 359 1409 mae
385 1335 433 1408 rei
451 1334 644 1432 periculum
661 1331 822 1406 faceret.''
874 1331 929 1406 Εὸ
951 1331 1102 1428 rapidiiis
1127 1332 1220 1404 Ceri·

222 1457 319 1547 -alis,
340 1457 442 1531 missis
460 1456 493 1528 in
513 1454 813 1545 Mediomatricos,
837 1455 898 1552 qui
924 1452 1081 1527 breviore
1102 1451 1223 1527 itinere

240 1578 398 1673 legiones
423 1577 459 1650 in
475 1577 610 1650 hostem
629 1596 812 1665 verterent,
838 1561 1013 1648 contrado
1029 1574 1125 1672 quod
1149 1592 1223 1652 erat

239 1695 394 1770 militum
408 1697 643 1795 Mogontiaci,
656 1717 896 1795 quantumque
912 1695 1027 1770 secum
1042 1692 1221 1768 transvex-

239 1834 327 1903 erat,
353 1816 457 1888 tertiis
470 1818 586 1890 castris
604 1818 824 1917 Rigodulum
838 1817 958 1903 venit;
979 1843 1084 1915 quem
1101 1818 1220 1888 locum
1308 1834 1316 1845 “

239 1936 369 2032 magni
397 1936 633 2011 Treveromm
661 1965 781 2028 manu,
809 1939 1010 2011 Valentinus
1039 1936 1219 2035 insederat,
1304 2026 1311 2035 „

177 2138 179 2147 Α
241 2054 420 2128 montibus
438 2077 496 2128 aut
512 2057 662 2133 Mosella
679 2086 782 2133 amne
803 2058 960 2156 septum:
987 2063 1021 2130 dr
1040 2058 1222 2131 addiderat

238 2175 354 2267 fossas,
372 2175 557 2277 obicesque
573 2177 747 2255 saxorum.
781 2183 857 2253 Nec
874 2181 1065 2251 deterrudre
1081 2202 1122 2249 ea
1139 2204 1216 2250 mu·

239 2299 396 2372 nimenta
412 2303 632 2375 ‘Romanum
665 2303 809 2391 ducem,
847 2300 1033 2399 quominus
1067 2299 1221 2396 peditem

138 2506 141 2527 .
240 2446 462 2517 perrumpere
472 2401 623 2519 juberer,
652 2422 812 2519 equitum
831 2422 942 2494 aciem
963 2422 998 2493 in
1012 2421 1138 2495 collem
1155 2420 1221 2493 eri-

151 2566 153 2569 ’
176 2641 181 2649 ⁵
241 2563 349 2639 geret,
376 2540 490 2638 spreto
506 2543 616 2632 hoste,
645 2568 752 2639 quem
769 2564 899 2616 temere
914 2528 1111 2631 colledum,
1127 2543 1222 2615 haud

239 2664 299 2736 itav
318 2664 396 2735 loco
415 2659 545 2760 juvari,
573 2658 697 2736 utnon
725 2666 802 2761 plus
825 2664 890 2737 suis
916 2664 952 2736 in
977 2664 1104 2737 virtute
1124 2661 1225 2738 soret.

240 2786 402 2858 Paullum
430 2810 536 2883 morae
560 2784 595 2857 in
617 2783 769 2874 ascensu,
797 2786 884 2861 dum
911 2785 1047 2858 missilia
1074 2785 1224 2861 hostium

242 2907 498 3002 praevehuntur.
547 2907 600 2980 Ut
628 2926 775 2979 ventum
807 2906 844 2978 in
873 2932 1010 2996 manus,
1040 2906 1226 2996 deturbari,

241 3028 350 3101 ruinae
380 3031 502 3117 mod0,
539 3026 804 3125 praecipitantur.
856 3029 904 3099 Et
934 3054 1010 3125 pars
1051 3027 1225 3125 equitum,

241 3148 451 3242 aequioribus
466 3148 562 3247 jugis
579 3148 827 3236 circumveda,
856 3149 1085 3222 nobilissimos
1102 3150 1226 3246 Belga-

240 3291 332 3356 rum,
359 3270 394 3343 in
412 3273 491 3369 quls
508 3274 635 3346 ducem
652 3269 892 3358 Valentinum,
922 3270 1026 3368 cepit.

290 3390 449 3463 LXXII.
476 3393 673 3467 Cumanis
702 3392 838 3490 postero
862 3392 921 3465 die
938 3390 1110 3464 coloniam
1130 3387 1223 3459 Tre-

240 3523 405 3583 verorum
425 3510 594 3609 ingressus
612 3515 673 3604 est,
700 3514 806 3588 avido
823 3513 933 3587 milite
956 3510 1113 3585 eruendae
1134 3506 1226 3581 civi-

239 3630 342 3721 tatisk:
373 3630 523 3705 “Hanc
541 3635 607 3706 effe
620 3634 768 3726 Classici,
787 3639 875 3708 hanc
890 3631 1030 3707 Tutoris
1049 3628 1225 3727 patriam:

242 3762 269 3803 “
288 3756 417 3828 horum
434 3747 558 3826 scelere
575 3754 703 3830 clausas
726 3755 893 3856 caesasque
910 3753 1075 3853 legiones.
1125 3749 1225 3850 Qiid
