2820 4694
275 359 346 438 272
509 333 552 408 C.
583 332 854 411 Coanaarr
883 326 1082 420 Tacrrr

274 522 310 603 §a
337 514 485 590 fraternfi
509 515 664 614 imagine
695 514 902 617 fulgentem,
936 519 983 593 ad
1010 513 1254 617 capessendam

272 633 526 734 rempublicam
539 638 718 712 hortatus:
743 641 836 714 haud
853 638 1013 714 defutura
1031 638 1249 715 consciorum

272 784 393 848 manu,
423 757 459 830 ni
482 747 723 834 Scribonianus
749 761 928 852 abnuisset,
956 785 999 836 ne
1024 761 1148 858 paratis
1171 760 1251 858 qui·

271 881 354 953 dem
372 879 546 977 cormmpi
562 878 684 972 facilis,
709 880 797 955 adel)
812 902 969 957 metuens
993 882 1132 962 incerta.
1180 880 1252 978 igi⁴

271 1021 329 1090 tur
349 1000 554 1091 Mucianus,
582 1001 665 1099 quia
692 1003 872 1099 propalam
898 1002 1049 1101 opprimi
1073 1002 1253 1077 Antonius

204 1182 208 1195 ,
270 1121 462 1219 nequibat:
488 1121 606 1196 multis
631 1121 669 1195 in
694 1120 808 1196 senatu
834 1114 995 1196 laudibus
1021 1125 1251 1211 cumulatum,

270 1242 404 1317 secretis
418 1240 586 1340 promissis
603 1226 738 1332 onerat,
767 1251 795 1286 “
814 1244 1010 1319 citeriorem
1023 1243 1253 1341 Hispaniam''

271 1365 456 1453 ostentam,
480 1369 508 1405 “
527 1362 668 1436 discessu
690 1362 807 1438 Cluvii
826 1368 912 1438 Rufi
932 1384 1082 1447 vacuam
1098 1366 1134 1447 εἷ’
1153 1364 1251 1441 simul

271 1485 392 1560 amicis
429 1481 515 1582 ejus,
558 1484 751 1559 tribunatus
784 1486 1070 1586 praesessurasque
1101 1488 1254 1586 largitur.

233 1699 237 1707 1
270 1606 379 1696 Dein,
403 1604 747 1703 postquaminanem
765 1606 921 1678 animum
948 1604 1007 1702 spe
1033 1607 1256 1704 &cupidine

204 1715 210 1728 ⁸
270 1725 491 1823 impleverat,
519 1726 610 1817 uires
636 1728 753 1800 abolet
767 1756 778 1813 3
793 1724 948 1800 dimissa
972 1727 1008 1798 in
1031 1726 1252 1803 hiberna-le·
1293 1715 1304 1801 ³.

269 1847 378 1947 gione
395 1847 550 1944 septima,
577 1845 674 1943 cujus
691 1846 970 1944 flagrantissimus
994 1847 1032 1934 in
1056 1847 1254 1922 Antonium
1375 1864 1378 1871 “

270 1995 380 2046 amor.
429 1966 475 2040 Et
501 1966 598 2039 tertia
618 1966 726 2064 legio,
756 1965 930 2039 familiaris
950 1967 1054 2040 Arrio
1071 1970 1162 2040 Varo
1184 1967 1253 2042 mi·

270 2092 334 2182 les,
348 2089 386 2163 in
404 2086 535 2185 Syriam
552 2085 697 2161 remissa.
745 2088 829 2159 Pars
846 2086 1032 2175 exercitas,
1046 2087 1083 2159 in
1100 2089 1251 2161 Germa-

271 2203 347 2297 nias
368 2210 573 2284 ducebatur.
621 2207 677 2280 Sic
700 2207 831 2305 egestu,
857 2206 1029 2304 quidquid
1052 2206 1252 2297 turbidum,

271 2333 362 2412 redit
385 2329 479 2405 Urbi
496 2328 554 2404 sua
571 2327 698 2422 forma,
712 2408 715 2414 ,
728 2325 902 2426 legesque,
929 2331 963 2400 δι
989 2318 1109 2401 munia
1124 2327 1251 2428 magis·
1274 2394 1278 2399 .

200 2473 205 2488 ¹
271 2475 436 2530 tratuum.

319 2577 404 2652 XL.
428 2577 519 2673 Qro
547 2573 605 2649 die
631 2572 785 2659 senatum
809 2569 975 2682 ingressus
1002 2571 1052 2644 est
1079 2569 1254 2645 Domitia·

268 2725 350 2789 nus,
381 2704 409 2740 “
426 2697 483 2773 de‘
502 2693 651 2769 absentia
683 2693 789 2792 patris
816 2689 1007 2791 fratrisque,
1037 2718 1078 2766 ac
1105 2689 1254 2790 juventa

271 2829 300 2865 “
318 2820 416 2911 sua‚”
434 2841 546 2916 pauca
560 2821 593 2889 &
613 2816 754 2892 modica
764 2814 929 2904 disseruit,
948 2814 1096 2887 decorus
1113 2813 1253 2902 habitu3

269 2946 305 3016 &
323 2939 450 3040 ignotis
465 2940 580 3012 adhuc
596 2937 768 3027 moribus,
788 2939 909 3009 crebra
923 2933 991 3007 oris
1009 2933 1164 3009 consusro
1188 2959 1255 3033 pro

268 3060 438 3134 modeffia
464 3059 708 3157 accipiebatur.
775 3054 965 3151 Referente
992 3054 1136 3145 Caesare,
1163 3062 1189 3098 “
1207 3056 1254 3128 de

272 3178 536 3254 “restituendis
565 3180 687 3252 Galbae
708 3177 940 3271 honoribus‚''
966 3175 1096 3251 censuit
1116 3163 1257 3249 Curtius
1300 3182 1305 3197 '

200 3391 205 3409 .
270 3301 480 3392 Montanus,
510 3306 538 3343 “
555 3320 595 3373 ut
610 3296 740 3374 Pisonis
756 3323 900 3396 quoque
913 3298 1083 3389 memoria
1101 3297 1251 3373 celebra·

272 3426 302 3462 “
321 3426 446 3493 retur.''
506 3423 625 3494 Patres
659 3442 848 3517 utrumque
870 3416 1026 3515 jusssre:
1056 3419 1100 3489 de
1129 3411 1254 3488 Pisone

269 3538 410 3616 irritum
436 3539 511 3614 fuit.
560 3542 658 3614 Tum
681 3539 768 3614 sorte
789 3539 899 3630 ducti,
929 3544 1037 3636 “per
1061 3562 1147 3634 quos
1172 3536 1253 3608 red·
1338 3621 1339 3626 Ἰ

273 3672 300 3707 “
318 3663 480 3736 derentur
497 3661 590 3733 bello
608 3681 719 3761 rapta,
744 3661 962 3760 quiquoaera
978 3661 1112 3758 legum,
1138 3653 1251 3729 vetus-

272 3793 299 3830 “
317 3804 385 3873 tate
414 3777 556 3878 dilapsa,
585 3779 778 3874 noscerent,
803 3784 1035 3881 figerentque,
1063 3784 1097 3853 &
1121 3775 1257 3867 Fastos,
