2806 4694
351 356 756 437 Htsron1anou
782 360 951 435 Lrnl.
1099 363 1143 438 61

164 530 217 608 tit.
265 533 396 633 Legati
427 536 523 634 apud
548 533 732 608 Vitellium
761 538 969 626 remansere,
1003 526 1151 633 promp-
1222 562 1224 565 ’

163 656 247 746 tius,
282 657 391 756 quina
424 675 465 729 ut
496 654 620 728 retenti
652 654 864 728 viderentur.
932 655 1150 747 Praetoriani,

164 801 269 874 quos,
302 800 364 874 per
388 775 641 850 simulationem
668 774 789 864 officii,
819 775 942 874 legatis
965 778 1063 850 Otho
1087 777 1151 849 ad·
1180 864 1184 875 Ι

158 893 340 994 junxerat,
367 896 509 988 remiffi,
534 915 724 993 antequam
750 895 945 994 legionibus
969 896 1151 970 misceren-

165 1033 235 1090 tur.
300 1016 451 1100 Addidit
478 1015 640 1113 epistolas
669 1014 800 1090 Fabius
823 1017 976 1108 Valens,
1008 997 1162 1119 nomine.¹

165 1137 367 1212 Germanici
399 1137 582 1227 exercitiis,
628 1135 673 1208 ad
708 1134 884 1232 praetorias
923 1141 957 1210 lle
988 1139 1153 1213 Urbanas

166 1259 346 1346 cohortes,
391 1259 438 1330 de
483 1255 614 1330 viribus
654 1254 806 1352 partium
847 1257 1083 1355 magnificas,
1116 1264 1154 1334 dc

167 1377 393 1451 concordiam
414 1377 605 1450 offerentes.
655 1377 863 1472 Increpabat
879 1378 985 1466 ultro,
1014 1385 1042 1422 “
1056 1379 1154 1478 qubd

168 1504 200 1541 “
219 1497 317 1571 tanto
357 1497 436 1570 ante
476 1497 640 1571 traditum
685 1496 830 1569 Vitellio
876 1495 1065 1594 imperium
1104 1502 1153 1575 ad

172 1620 397 1693 “Othonem
426 1617 640 1692 vertissent?
689 1618 742 1689 lta
767 1616 936 1714 protniffi's
966 1622 1080 1711 simul,
1111 1647 1155 1696 ac

166 1740 269 1814 minis
302 1742 539 1824 tentabantur3
573 1744 602 1780 ‘⁴
617 1755 657 1811 ut
689 1738 783 1811 bello
816 1738 984 1836 impares,
1005 1739 1041 1813 in
1067 1767 1154 1839 pace
1242 1823 1245 1829 ,

167 1861 303 1934 “nihil
327 1858 480 1933 amilluri
494 1861 530 1931 :’'
556 1883 672 1958 neque
689 1857 771 1932 ideo
796 1859 1086 1958 praetorianorum
1108 1863 1153 1936 fi.

167 1983 232 2056 des
253 2000 395 2056 mutata.
532 2033 536 2043 .

216 2104 371 2185 LXXV.
396 2104 472 2176 San
489 2101 700 2177 insidiatores
716 2105 761 2178 ab
784 2105 927 2179 Othone
948 2105 985 2178 in
1002 2108 1152 2179 Germa·

165 2222 275 2315 niam,
300 2222 481 2297 aVitellio
509 2223 546 2296 in
562 2226 702 2298 Urbem
723 2223 834 2298 miffi:
860 2224 1009 2324 utrisque
1033 2222 1153 2301 frustra

165 2343 253 2430 fuit3
289 2344 484 2419 Vitellianis
513 2344 672 2442 impune,
711 2371 772 2442 per
803 2365 935 2419 tantam
962 2345 1153 2421 hominum

164 2447 439 2556 multitudinem,
454 2467 577 2540 mutuh
596 2464 789 2564 ignorantia
800 2465 999 2540 fallentibus
1014 2495 1023 2538 ι
1037 2467 1151 2540 Otho-

164 2585 273 2678 niani,
297 2586 455 2661 novitate
481 2587 612 2676 vulths,
643 2584 808 2660 omnibus
831 2585 987 2660 invicem,
1005 2585 1151 2687 ignaris,

108 2718 110 2720 ’
167 2708 413 2803 prodebantur.
462 2705 626 2781 Vitellius
651 2706 765 2781 literas
792 2707 837 2779 ad
853 2706 1052 2797 Titianum,
1080 2706 1151 2783 frass

166 2844 259 2898 trem
281 2825 444 2916 Othonis,
473 2825 679 2924 composuit,
710 2825 899 2899 “exitium
920 2826 990 2924 ipsi·
1006 2828 1157 2927 filioque

167 2952 198 2989 “
216 2942 315 3043 ejus''
339 2944 518 3036 minitans,
552 2946 633 3020 “ni
661 2947 855 3020 incolumes
885 2946 946 3020 fibi
974 2969 1082 3024 mater
1109 2976 1152 3025 ac
1210 2950 1211 2953 '

164 3063 314 3141 “liberi
342 3063 590 3140 servarentur.’'
642 3069 689 3141 Et
715 3065 806 3140 stetit
828 3068 956 3141 domus
974 3089 1147 3167 utraque:
1261 3111 1263 3116 .

162 3187 227 3262 sub
243 3189 400 3276 Othone,
427 3186 601 3261 incertum
624 3214 670 3262 an
687 3207 784 3261 metu
796 3215 808 3274 3
838 3186 1001 3262 Vitellius
1024 3189 1149 3284 vidior,

165 3307 358 3382 clementiae
369 3308 520 3408 gloriam
533 3308 622 3382 tulit.
1103 3294 1107 3303 ’

110 3489 121 3499 Ν.
210 3429 385 3503 LXXVI.
410 3429 566 3522 Patulus
588 3426 723 3502 Othoni
755 3427 925 3504 fiduciam
945 3431 1081 3506 addidit
1104 3458 1151 3508 ex
1187 3456 1190 3463 ⁶

161 3547 302 3645 Illyrico
314 3547 472 3639 nuntius,
489 3546 613 3645 juraffe
628 3546 666 3620 in
682 3572 763 3622 eum
781 3550 981 3644 Dalmatiae,
1001 3579 1040 3627 ac
1057 3556 1148 3627 Pan-

161 3668 293 3760 noniae,
320 3673 356 3744 δι
384 3672 522 3745 Moefiae
553 3667 719 3766 legiones.
768 3671 869 3745 ldern
903 3697 948 3746 ex
977 3673 1149 3770 Hispania

160 3788 332 3865 adlatum:
358 3787 583 3888 laudatusque
600 3813 663 3888 per
679 3789 832 3865 edidum
845 3791 991 3866 Cluvius
1010 3788 1145 3867 Rufus:
