2820 4694
359 336 751 415 Htsrontnnont
786 299 895 410 Ltn.
932 334 993 411 lV.
1069 337 1137 414 28t

167 511 291 613 attigit,
326 516 451 613 magnal
482 538 584 601 voce,
610 514 700 585 ,laeta
734 511 848 585 Pisoni
871 501 1010 601 omina,
1052 532 1142 587 tam·‘

166 662 273 732 quam
302 635 468 731 Principi‚
494 632 717 717 continuate3
744 631 867 706 obvios
895 637 927 704 δι
951 630 1071 705 subitae
1094 631 1142 707 tei
1248 677 1250 679 >

167 739 335 829 miraculo
363 753 542 842 attonitos,
571 773 609 825 ut
637 753 760 825 eadem
788 750 1033 848 adstreperent,
1062 755 1142 825 bor·

168 875 230 949 tati
246 905 254 948 :
273 877 401 975 vulgus
417 860 614 962 credulum,
636 897 735 946 ruere
752 872 787 944 in
803 870 931 962 forum,
952 879 979 914 “
997 871 1144 970 prasen·

170 996 303 1070 “tiam
326 994 481 1068 Pisonis”
509 993 703 1092 exposcere.
754 995 895 1066 Gaudio
920 990 1143 1077 clamoribus·

106 1160 111 1167 0
169 1117 237 1215 que
263 1118 388 1189 cunda
414 1113 616 1205 miscebant,
643 1114 863 1213 indiligentia
886 1114 973 1204 veri,
1001 1118 1035 1186 ὃς
1056 1115 1144 1187 adu-
1218 1134 1219 1139 ’

168 1236 261 1309 laudi
289 1236 443 1309 libidine.
493 1233 743 1326 Pis0,·indicio
777 1234 930 1332 Sagittae,
963 1236 1019 1306 vel
1049 1230 1145 1308 insul

100 1336 102 1342 Α
169 1355 347 1446 modestia,
381 1381 450 1428 non
468 1355 504 1428 in
520 1356 699 1453 publicum
716 1356 866 1453 egrellits
883 1355 943 1443 est,
973 1380 1086 1452 neque
1112 1354 1146 1428 so

170 1475 289 1549 studiis
305 1477 403 1575 vulgi
422 1476 584 1573 permifit.
634 1460 953 1572 Centurionemque
976 1500 1143 1573 percunc·
1177 1487 1180 1493 '

169 1616 273 1685 tatus,
303 1597 487 1694 postquam
514 1601 542 1637 “
562 1598 742 1691 quaefitum
769 1596 829 1668 fibi
846 1595 977 1671 crimen
994 1596 1144 1669 caedem·=
1186 1634 1192 1638 ·

171 1725 198 1760 “
217 1719 307 1815 que''
330 1717 521 1814 comperit:
552 1724 580 1759 “
599 1715 829 1789 animadverti
846 1717 882 1788 in
909 1717 1015 1790 eum''
1037 1715 1145 1816 jullit,

169 1838 263 1911 haud
281 1837 422 1935 perinde
448 1835 506 1934 spe
529 1836 624 1926 vitae,
652 1838 760 1934 quam
778 1836 825 1909 ira
847 1836 882 1908 in
901 1840 1144 1934 percussorem,

170 1955 263 2055 qudd
294 1957 388 2031 idem
411 1982 455 2031 ex
483 1955 757 2031 intersedotibus
774 1957 889 2030 Clodii
914 1957 1041 2048 Macri,
1067 1984 1146 2033 cru·

169 2098 264 2150 entas
290 2077 394 2176 legati
413 2077 578 2177 sanguiue
600 2103 743 2167 manus,
767 2077 812 2149 ad
840 2078 970 2160 caedem
998 2103 1146 2175 procon-

168 2195 247 2270 sulis
273 2198 447 2271 retuliffet.
499 2197 621 2269 Anxio
647 2197 775 2272 deinde
798 2195 912 2269 edicto
928 2197 1145 2295 Carthagini·
1185 2263 1188 2274 .

168 2321 304 2393 ensibus
332 2316 521 2414 increpitis,
548 2343 591 2390 ne
619 2314 716 2391 solita
742 2314 886 2414 quidem
910 2315 1029 2387 munia
1050 2317 1145 2405 usur·

170 2439 288 2535 pabat,
319 2434 450 2510 clausus
472 2436 559 2509 intra
575 2439 738 2530 domum,
767 2457 897 2536 nequa
925 2438 1040 2510 motds
1059 2437 1145 2511 novi

171 2554 270 2631 causa
285 2559 341 2629 vel
357 2557 446 2630 sorte
464 2558 621 2632 oriretur.
688 2540 690 2546 f
906 2572 910 2581 '
1208 2646 1210 2650 μ

218 2677 264 2746 L.
289 2677 364 2747 Suu
381 2677 442 2750 ubi
466 2678 567 2752 Festo
584 2679 813 2756 consternatio
834 2681 947 2780 vulgi,
972 2679 1146 2754 centurio-
1165 2758 1167 2762 ,

171 2793 224 2867 nis
250 2795 470 2892 supplicium,
500 2824 651 2896 veraque
669 2805 702 2873 a
720 2788 821 2892 salsa,
838 2826 937 2876 more
966 2799 1081 2893 samae,
1110 2802 1147 2874 in

171 2912 282 3013 majus
298 2916 490 3021 innotuere,
516 2918 700 3015 equites-in·
723 2948 844 2996 necem
872 2921 1001 2999 Pisonis
1028 2923 1147 2998 mittit.

172 3036 228 3109 llli
256 3036 381 3133 raptim
409 3038 512 3126 vesli,
544 3039 691 3141 obscuro
725 3044 840 3116 adhuc
872 3067 997 3143 coeptae
1032 3044 1144 3131 lucis;

171 3158 321 3230 domum
346 3156 557 3253 proconsulis
574 3158 791 3258 inrumpunt,
816 3164 981 3239 destridis
1005 3167 1145 3268 gladiis,

126 3302 130 3310 ¹
174 3282 208 3352 δι
228 3303 356 3375 magna
369 3301 446 3374 pars
463 3276 590 3352 Pisonis
607 3272 743 3378 ignari,
763 3282 859 3379 qudd
877 3286 1006 3357 Poenos
1021 3286 1145 3359 auxili-

172 3424 257 3487 ares,
285 3395 499 3494 Maurosque
517 3398 552 3470 in
570 3424 646 3472 eam
669 3402 803 3474 caedem
826 3404 1024 3502 delegerat:
1052 3408 1145 3481 haud

171 3519 290 3615 procul
307 3518 643 3609 cubiculo,obvium
660 3518 744 3593 forte
760 3521 909 3613 servum,
930 3532 957 3568 ‘⁴
975 3527 1145 3625 quisnam,

174 3645 203 3681 “
222 3640 327 3713 &ubi
344 3644 425 3714 effet
441 3641 517 3716 Piso
532 3644 572 3714 ?''
596 3641 862 3740 interrogavere.
892 3648 1028 3738 Servus,
1046 3670 1145 3745 egre·

173 3757 232 3855 gio
261 3761 458 3852 mendacio,
488 3771 514 3844 ‘f
534 3761 567 3835 se
584 3761 743 3838 Pisonem
760 3767 852 3845 efl'e'’
880 3767 1075 3867 respondit3
1103 3788 1146 3837 ac
