2806 4694
247 338 294 394 ιο
450 317 1038 398 C.Coaaaa11Tac1rt

241 492 443 583 Germania,
467 493 551 566 cum
569 491 690 567 srmilia
705 512 886 591 coeptatet,
904 490 1086 569 Cornelius
1108 487 1223 591 Aqui·

241 610 380 703 nus,'&
416 612 544 686 Fabius
579 614 721 703 Valens,
743 614 849 713 legati
877 613 1060 711 legionum
1087 613 1224 687 interse-

223 754 372 829 ⁸cerant,
401 753 589 830 antequam
606 731 823 831 juberentur.
882 737 913 811 F
913 723 993 810 uere
1015 732 1077 831 qui
1105 735 1223 823 crede·

240 875 331 945 rent,
357 853 568 953 Capitonem
584 874 623 926 ut
635 836 828 931 avaritia&
851 854 996 930 libidine
1012 854 1164 944 foedum,
1183 880 1224 928 ac

158 1075 165 1082 Ι
240 975 471 1065 maculosum,
498 974 547 1046 ita
564 973 777 1072 cogitatione
800 1001 914 1052 rerum
933 1001 1103 1051 novarum
1120 975 1223 1050 absti-

240 1096 373 1171 nuiffe:
401 1093 459 1170 [ed
486 1095 670 1194 elegatis,
701 1098 835 1171 bel-lum
864 1096 1100 1186 suadentibus,
1131 1095 1222 1192 post·

238 1244 348 1316 quam
372 1199 553 1314 impellere
585 1215 823 1313 nequiverint,
857 1218 986 1292 crimen
1022 1242 1061 1290 ac
1096 1217 1222 1290 dolum

239 1343 474 1436 compositum
497 1340 614 1410 ultro:
648 1342 682 1410 δι
705 1339 871 1424 Galbam
894 1334 1091 1411 mobilitate
1122 1334 1221 1432 inge·

238 1458 304 1547 nii,
328 1483 387 1547 an,
413 1483 459 1559 ne
475 1456 575 1531 altius
598 1455 815 1549 scrutaretur,
834 1481 983 1554 quoquo
1006 1457 1115 1528 modo
1132 1459 1222 1544 ada,

238 1580 321 1676 quia
333 1576 458 1651 mutari
478 1603 549 1651 non
564 1598 734 1675 poterant,
753 1579 1006 1674 comprobaffe.
1054 1577 1233 1651 Ceterum.

237 1719 387 1795 utraque
419 1699 533 1772 caedes
555 1698 679 1772 sinistre
712 1718 875 1795 accepta:
912 1703 946 1771 dc
979 1694 1088 1772 inviso
1117 1692 1220 1771 semel
1328 1728 1329 1731 ¹

159 1799 163 1811 ’
237 1810 413 1916 Principe,
432 1814 490 1891 seu
507 1817 681 1907 bene‚seu
701 1817 791 1892 male
806 1818 899 1952 {aeta
912 1838 1088 1916 premunt.
1137 1821 1220 1913 Jam
1251 1858 1252 1863 ,
1308 1877 1321 1889 ,f

235 1943 429 2015 afferebant
460 1939 595 2010 venalia
632 1937 757 2013 cunas
801 1959 1032 2037 prepotentes
1076 1938 1218 2013 liberti:

236 2061 415 2136 servorum
433 2084 556 2132 manus
578 2058 697 2134 subitis
714 2058 840 2150 avidae,
869 2065 902 2133 δι
925 2081 1109 2156 tamquam
1126 2059 1221 2156 apud

149 2280 151 2283 Ι
236 2182 354 2258 senem
385 2179 607 2253 festinantes:
646 2181 840 2277 eademque
868 2205 969 2255 novae
997 2171 1090 2255 aulae,
1113 2182 1219 2268 mala,

235 2304 338 2402 aeque
352 2301 485 2400 gravia,
500 2327 571 2374 non
585 2301 684 2400 aeque
697 2299 869 2376 excusata.
910 2299 988 2398 Ipsa
999 2321 1080 2375 aetas
1095 2301 1220 2375 Galba

235 2430 270 2498 dt
287 2422 418 2512 inrisui,
448 2447 489 2495 ac
513 2419 649 2496 fastidio
667 2443 751 2510 erat,
770 2421 915 2497 adsuetis
924 2421 1080 2518 juveutae
1104 2424 1220 2494 Nero·

235 2546 304 2636 nis,
335 2550 368 2616 &
386 2545 614 2639 Imperatores
637 2540 752 2616 forma
776 2568 816 2615 ac
832 2543 960 2615 decore
977 2540 1133 2637 corporis
1160 2552 1221 2637 (ut

163 2680 166 2686 ’
235 2665 285 2740 est
301 2691 378 2737 mos
396 2664 516 2762 vulgi)
542 2660 838 2758 comparantibus.

285 2787 383 2858 v111.
413 2787 469 2858 Er
484 2784 541 2857 hic
556 2782 699 2881 quidem
714 2786 856 2871 Romae,
872 2801 1055 2879 tamquam
1072 2780 1109 2853 in
1126 2784 1221 2856 tanta

232 2904 458 2981 multitudine
471 2905 608 2979 habitus
625 2885 823 2978 animorum
842 2899 919 2976 fuit.
962 2903 994 2975 Ε
1013 2901 1217 2996 provinciis,

232 3023 414 3123 Hispania
428 3044 569 3120 praeerat
585 3023 733 3098 Cluvius
750 3021 880 3111 Rufus,
906 3020 959 3095 vir
981 3018 1165 3111 facundus,
1184 3024 1219 3097 δι

231 3145 330 3247 pacis
354 3143 499 3252 artilms,
536 3123 635 3218 bellis
669 3142 882 3241 inexpertus.
944 3140 1083 3231 Galliae,
1117 3139 1219 3239 super
1330 3222 1337 3229 „

233 3265 442 3342 memoriam
469 3263 640 3353 Vindicis,
667 3263 832 3362 obligata
856 3261 985 3337 recenti
1018 3264 1115 3336 dono
1142 3266 1218 3339 Ro·

231 3413 348 3463 manae
364 3383 526 3473 civitatis,
555 3383 649 3458 &in
666 3384 841 3480 posterum
859 3383 980 3458 tributi
1006 3384 1218 3458 levamento

231 3505 410 3583 Proxima·
434 3525 552 3577 tamen
577 3503 760 3587 Germanis
787 3503 998 3578 exercitibus
1023 3503 1216 3578 Galliarum

232 3629 402 3716 civitates,
421 3650 493 3698 non
509 3625 638 3698 eodem
654 3626 788 3698 honore
809 3625 950 3714 habita,
971 3623 1133 3720 quadarn
1151 3624 1215 3695 eti·
1247 3616 1250 3619 ‘

231 3776 291 3826 am
308 3747 436 3822 finibus
448 3744 636 3842 ademptis,
655 3743 728 3842 pari
744 3745 867 3820 dolore
883 3743 1072 3821 commoda
1089 3742 1213 3834 alicua,
