2844 4704
270 346 335 393 122
491 319 1072 397 eco‘nnnnnTn‘ctrr
1150 364 1151 367 ¹
1225 417 1239 433 Ι

265 493 354 568 inter
382 495 510 569 multos
543 496 702 570 societate
733 501 846 597 culpae
879 500 996 573 tutior.
1063 499 1245 573 Onerabat

265 614 467 712 paventium
486 642 584 689 curas
594 621 688 721 ¹ordo
706 620 925 709 Mutinensis,
952 626 1092 692 “arma
1117 622 1149 691 δι
1177 641 1240 713 pe·

268 739 296 775 “
315 734 478 807 cuniam''
496 737 685 828 offerendo,
699 740 964 835 appellabatque
975 747 986 780 ‘
991 747 1002 780 ‘
1013 740 1133 812 Patres
1141 736 1237 808 Con·

265 860 293 898 “
312 853 478 950 scriptos''
504 855 748 952 intempestivo
765 859 906 931 honore.

311 975 409 1046 Llll.
436 959 650 1048 Nornarnn
669 977 750 1048 inde
767 975 924 1073 jurgium
942 976 1022 1067 suit,
1046 1002 1119 1075 quo
1142 975 1243 1048 Lici-³

201 1182 206 1194 .
264 1092 343 1167 nius
369 1093 511 1165 Caecina
534 1097 745 1167 Marcellum
776 1097 935 1191 Eprium,
963 1106 988 1139 ‘⁴
1008 1118 1047 1168 ut
1073 1096 1241 1194 ambigua

267 1212 572 1300 “disserentem'’
606 1213 737 1285 invasit.
802 1217 881 1287 Nec
915 1217 1021 1288 ceteri
1062 1214 1241 1289 sententias

266 1332 484 1428 aperiebant:
511 1330 566 1404 sed
586 1332 735 1406 invisum
754 1334 921 1407 memoria
935 1334 1162 1423 delationum,
1180 1361 1241 1408 ex·

265 1455 485 1549 positumque
508 1453 552 1525 ad
578 1453 748 1527 invidiam
769 1455 931 1528 Marcelli
956 1480 1099 1543 nomen,
1126 1455 1242 1530 inrita-

153 1648 154 1651 ,
266 1593 362 1645 verat
379 1572 571 1663 Caecinam,
595 1595 634 1647 ut
658 1600 771 1647 novus
798 1576 926 1663 adhue,
956 1574 1049 1646 &in
1077 1573 1233 1648 senatum

264 1719 376 1790 nuper
392 1692 552 1783 adscitus,
570 1694 705 1791 magnis
718 1692 906 1767 inimicitiis
922 1693 1127 1767 claresceret.
1152 1697 1238 1766 Μο-

264 1813 443 1888 deratione
473 1814 659 1888 meliorum
688 1813 863 1910 dirempti.
929 1815 975 1884 Et
1004 1813 1132 1887 rediere
1161 1838 1239 1887 om·

265 1962 327 2010 nes
354 1935 557 2024 Bononiam,
584 1933 694 2007 rursus
721 1932 946 2009 consiliaturi:
979 1935 1092 2021 fimul,
1122 1932 1241 2006 medio

206 2072 209 2077 '
265 2054 443 2152 temporis,
478 2057 590 2151 plures
615 2053 729 2127 nuntii
762 2051 994 2149 sperabantur.
1057 2052 1237 2142 Bononiae,

264 2175 380 2250 divisis
409 2201 470 2271 per
501 2175 636 2265 itinera,
670 2173 729 2271 qui
768 2171 1037 2250 recentissimum
1061 2197 1240 2270 quemque

151 2288 157 2294 ’Ἴ
267 2297 587 2394 percunctarentur,
640 2294 869 2391 interrogatus
907 2291 1054 2364 Othonis
1094 2290 1240 2367 libertus

266 2424 295 2476 ‘⁶
313 2417 450 2492 causam
467 2417 648 2515 digresssrs,
673 2416 797 2488 habere
818 2411 851 2485 se
873 2409 1031 2508 suprema
1047 2409 1116 2508 ejus
1138 2435 1237 2484 man-

267 2545 295 2580 “
312 2538 417 2611 data”
455 2535 651 2633 respondit:
690 2542 717 2576 “
737 2531 848 2629 ipsum
882 2531 1057 2604 viventem
1092 2529 1238 2628 quidem

267 2665 295 2702 “
312 2657 486 2747 relietum,
513 2654 570 2728 sed
594 2654 661 2728 sola
685 2651 887 2751 posteritatis
904 2656 998 2740 curd,
1024 2656 1058 2724 δε
1086 2649 1242 2746 abruptis

266 2786 293 2821 “
312 2777 391 2850 vitae
414 2773 695 2852 blandimentis.''
746 2772 844 2847 Hinc
862 2769 1060 2861 admiratio,
1090 2775 1124 2844 δι
1143 2772 1242 2867 plura

220 2905 222 2907 ’
267 2896 501 2994 interrogandi
533 2896 658 2991 pudor.
725 2898 845 2990 Atque
874 2892 1036 2966 omnium
1069 2891 1175 2969 animi
1208 2891 1244 2965 in

266 3014 448 3088 Vitellium
465 3015 683 3088 inclinavere.

314 3137 412 3208 LIV.
439 3134 669 3212 luuram
698 3132 845 3207 consiliis
869 3131 971 3207 frater
987 3131 1078 3229 ejus,
1102 3134 1147 3204 L.
1178 3131 1240 3203 Vi·

268 3255 393 3343 tellius,
433 3252 535 3351 seque
569 3253 641 3352 jam
676 3253 899 3327 adulantibus
938 3253 1116 3340 offerebat,
1156 3251 1242 3326 cum

266 3375 405 3470 repente
428 3375 573 3464 Coenus,
603 3375 746 3449 libertus
769 3373 934 3464 Neronis,
963 3370 1070 3445 atroci
1097 3369 1242 3442 menda-

267 3492 324 3567 cio
363 3492 537 3566 universos
572 3495 731 3591 perculit,
768 3495 953 3582 affirmans,
990 3490 1244 3588 “superventu

240 3702 244 3705 ¹
268 3623 295 3668 l‘
315 3612 588 3711 quartaedecirnae
609 3614 767 3711 legionis,
795 3611 923 3708 junctis
948 3613 1136 3686 aBrixello
1160 3609 1243 3682 viri.

269 3745 296 3789 ‘⁴
316 3738 392 3825 bus,
409 3729 510 3814 caesos
525 3731 684 3823 virtores,
705 3730 835 3813 versant
854 3731 1008 3829 partium
1024 3730 1240 3816 fortunam.''
1293 3727 1319 3785 ¹.
