2766 4658
296 333 548 411 Drauoous
586 344 643 408 ba
679 339 1004 413 Onerontnua.
1103 361 1146 436 5¹

177 523 232 583 tus
257 509 405 608 legatur,
432 508 586 607 exceptis
607 496 817 586 orationibus
846 511 968 602 Afinii,
992 535 1071 609 quae
1094 529 1154 606 pro

175 630 337 703 heredibus
363 631 500 726 Urbtiriae
518 627 761 720 inscribuntur,
785 635 831 706 ab
847 632 919 729 ipso
934 653 1051 706 tamen
1069 631 1151 703 Pola

176 748 270 823 lione
286 749 408 823 mediis
419 748 493 843 divi
512 748 664 846 Augusti
680 750 892 848 temporibus
903 752 1043 842 habita,
1062 750 1153 849 post-

177 894 285 966 quam
295 871 402 968 longa
414 889 616 964 temporum
630 869 741 964 quies‚'
762 874 795 943 δι
812 871 1018 945 continuum
1034 869 1154 967 populi

174 987 300 1079 otium,
330 989 368 1059 δι
384 986 514 1059 affidua
533 985 666 1060 senatbs
687 990 928 1085 tranquillitas,
954 997 987 1063 δι
1006 990 1154 1064 maximi

174 1106 346 1203 Principis
370 1104 563 1203 disciplina,
596 1105 704 1204 ipsam
733 1133 875 1206 quoque
903 1111 1152 1207 eloquentiam,

163 1229 262 1321 'licut
278 1224 397 1302 omnia
411 1226 491 1316 alia,
510 1231 715 1324 pacaverat?
1076 1266 1088 1284 κ

225 1348 403 1421 ΧΧΧΙΧ.
427 1349 601 1421 Parvum
631 1353 665 1421 δι
691 1347 875 1424 ridiculum
897 1347 1033 1423 sortasse
1058 1290 1155 1424 vide

176 1465 284 1556 bitur,
305 1472 401 1563 quod
417 1467 571 1543 dietums
586 1468 675 1562 sum,
701 1468 817 1543 dicam
834 1485 966 1559 tamen,
991 1470 1045 1544 vel
1060 1469 1156 1562 ideo,
1230 1458 1234 1475 '

176 1609 215 1660 ut
241 1589 404 1662 rideatur.
452 1592 635 1688 Quantum
662 1589 865 1671 humilitatis
894 1610 1058 1687 putamus
1084 1591 1157 1664 elo·
1189 1642 1190 1645 =

178 1709 329 1806 quentiae
355 1710 501 1804 attulisse
526 1712 667 1808 penulas
684 1710 776 1800 istas,
803 1711 928 1806 quibus
949 1711 1101 1785 adstritti
1121 1715 1156 1786 δι

72 1881 74 1887 ·
175 1831 272 1904 velut
288 1831 407 1907 inclusr
431 1858 515 1907 cum
535 1829 715 1930 judicibus
730 1831 926 1906 fabulamur
941 1835 963 1905 ?-
985 1850 1156 1928 quantum

176 1949 305 2026 virium
337 1953 518 2028 detraxisse
548 1952 695 2027 orationi
720 1952 890 2045 auditoria
923 1957 957 2025 δι
989 1946 1158 2026 tabularia

176 2071 362 2165 credimus,
380 2073 418 2146 in
435 2073 561 2171 quibus
570 2073 647 2172 jam
659 2071 730 2145 sere
748 2073 906 2168 plurimae
920 2071 1028 2168 causae
1043 2072 1156 2169 expli·

173 2212 296 2267 cantur
311 2197 330 2267 ἒ·
377 2196 473 2266 Nam
489 2192 671 2288 quomodo
696 2191 831 2263 nobiles
857 2215 967 2286 equos
990 2190 1157 2267 cursus&

173 2311 280 2408 spatia
306 2314 475 2407 probant;
502 2314 547 2383 fic
570 2311 620 2383 est
645 2309 769 2406 aliquis
789 2305 973 2383 'oratorum
998 2335 1157 2406 campus,

176 2456 238 2527 per
252 2454 360 2526 quem
377 2429 438 2503 'nist
464 2429 563 2505 liberi
580 2429 618 2501 δι
634 2427 735 2503 soluti
760 2426 927 2519 serantur,
954 2428 1158 2506 debilitatur

174 2576 216 2624 ac
242 2548 412 2648 frangitur
435 2549 644 2647 eloquentia.
694 2548 806 2649 Ipsam
824 2549 1022 2647 quinimmo
1039 2573 1158 2627 curam
1194 2542 1195 2547 ¹

170 2671 215 2768 y&
241 2669 419 2770 diligentis
447 2670 524 2768 styli
550 2669 761 2745 anxietatem
784 2670 994 2745 contrariam
1022 2673 1159 2768 experi-

174 2818 280 2867 mur:
311 2791 394 2890 quia
420 2790 509 2889 saepe
534 2784 870 2890 interrogatjudex3
900 2793 1044 2889 quando
1070 2791 1156 2867 inci·
1222 2779 1225 2787 ¹

175 2913 269 3012 pias:
305 2911 342 2983 δι
370 2937 416 2986 ex
444 2909 713 3010 interrogatione
735 2908 808 3009 ejus
833 2910 1072 3009 incipiendum
1097 2914 1158 2989 est.

174 3036 391 3131 Frequenter
407 3031 668 3131 probationibus
686 3036 720 3105 δι
739 3030 895 3122 testibus,
909 3032 1079 3108 silentium
1095 3061 1155 3130 pa·

175 3174 296 3228 tronus
312 3154 452 3228 indicit:
477 3180 567 3228 unus
583 3153 672 3226 inter
690 3154 764 3226 haec
780 3151 912 3226 dicenti
937 3179 976 3226 ac
994 3154 1080 3227 alter
1094 3156 1156 3231 ad·

151 3321 153 3326 ·
174 3274 268 3365 srstit,
281 3274 318 3346 δι
336 3299 387 3348 res
404 3274 501 3348 velut
515 3274 551 3347 in
564 3273 747 3348 solitudine
764 3272 891 3372 agitur.
940 3276 1078 3350 Oratori
1095 3304 1156 3351 au·

174 3416 248 3471 tem
266 3397 419 3470 clamore
437 3394 628 3492 plausuque
644 3420 733 3492 opus
749 3395 813 3483 est,
832 3393 869 3464 &
887 3396 983 3468 velut
1000 3398 1157 3495 quodam

136 3512 139 3519 ’
174 3519 327 3591 theatro:
346 3514 463 3614 qualia
479 3514 637 3613 quotidie
649 3514 800 3613 antiquis
817 3515 1007 3590 oratoribus
1019 3517 1156 3592 contin·

174 3637 329 3733 gebant:
348 3637 431 3711 cbm
450 3656 503 3709 tot
520 3635 643 3734 pariter
657 3663 697 3710 ac
715 3657 786 3710 tam
805 3637 940 3711 nobiles
962 3637 1079 3712 sorum
1096 3663 1156 3711 co-

172 3758 371 3865 arderent:
390 3758 473 3833 citm
485 3757 653 3832 clientela
672 3783 830 3857 quoque,
849 3760 882 3832 δι
899 3758 1021 3850 tribus,
1041 3756 1155 3831 muni·

420 3900 423 3904 ⁴
665 3880 697 3952 E
724 3905 743 3951 2
