2844 4704
285 358 353 432 124
471 338 1057 430 C.Connu1,11Tncrrr

217 563 219 567 .
326 498 423 586 LVL
448 515 643 605 Catonum
673 506 769 586 Italia
795 507 934 612 gravilia
963 534 1068 612 atque
1087 512 1264 603 atrocium,-

276 634 383 730 quim
407 635 498 706 bello
524 634 782 722 adfliclabatur:
808 628 944 732 disperfi
973 659 1034 731 per
1062 632 1251 730 municipia

276 757 310 825 br
335 753 487 826 colonias
512 753 699 842 Vitelliani,
727 753 885 850 spoliare,
913 774 1044 851 rapere,
1073 753 1109 826 ‘vi
1127 757 1160 826 bt
1179 753 1249 826 stus

274 874 341 972 pris
370 875 548 970 polluere:
578 873 615 944 in
648 894 753 947 omne
780 873 830 947 fas
856 869 1018 972 nefasque
1047 868 1154 962 avidi,
1188 890 1248 947 aut

274 996 425 1083 venales,
450 1014 521 1064 non
538 992 645 1081 sacro,
671 1017 742 1065 non
760 992 904 1090 profano
927 994 1151 1067 abstinebant„
1203 996 1250 1068 Et

274 1111 382 1200 fuere,
419 1113 480 1208 qui
509 1110 667 1184 inimicos
695 1111 771 1185 suos
799 1111 908 1210 specie
938 1113 1090 1187 militum
1119 1114 1249 1187 interfi-

273 1251 410 1306 cerentr
446 1230 576 1328 ipsique
593 1230 734 1320 milites,
768 1231 951 1329 regionum
970 1233 1081 1330 gnari,
1108 1232 1248 1307 refertos

274 1374 390 1449 agros,
419 1350 508 1423 dites
525 1352 689 1425 dominos
711 1351 747 1424 in
764 1353 933 1448 praedam,
962 1370 1020 1424 aut
1038 1348 1060 1425 fi
1078 1372 1249 1450 repugna»

273 1493 351 1544 turn
371 1469 471 1562 foret,
490 1475 534 1545 ad
552 1471 729 1545 excidium
745 1466 976 1561 destinabant,
995 1472 1158 1546 obnoxiis
1182 1472 1248 1545 dun

271 1593 382 1682 cibus,
413 1596 448 1664 az
470 1592 653 1688 prohibere
677 1617 749 1664 non
770 1596 873 1665 ausis:
903 1591 1017 1664 minus
1038 1592 1189 1665 avaritia²
1210 1593 1248 1666 in

270 1713 424 1802 Caecind,
460 1714 537 1810 plus
565 1712 790 1787 ambitionis:
829 1711 969 1801 Valens,
1003 1707 1051 1785 ob
1084 1713 1177 1786 lucra
1210 1719 1245 1787 bt

273 1833 423 1931 qu'aestus
448 1832 596 1924 infamis,
626 1835 738 1932 eoque
753 1833 873 1907 alienae
898 1833 1003 1906 etiarn
1028 1835 1139 1930 culpae
1154 1833 1245 1906 diffi-

271 1956 431 2027 mulator.
475 1957 556 2049 jam
585 1954 720 2051 pridem
749 1953 872 2026 attritis
895 1952 1003 2026 ltaliae
1028 1949 1143 2042 rebus,
1169 1973 1244 2026 tan-

269 2091 346 2147 tum
365 2074 522 2172 peditum
538 2074 780 2172 equitumque,
807 2073 876 2163 vis,
898 2074 1109 2170 damnaque,
1140 2079 1173 2147 δι’
1190 2076 1243 2147 in»

264 2192 382 2293 juriae‚
409 2195 499 2294 aegrd
517 2196 757 2269 tolerabantur.

317 2318 432 2390 LVII.
459 2318 635 2389 lnrranrnt
669 2315 842 2405 Vitellius,
878 2314 1032 2388 viclorin
1066 2315 1133 2389 suae
1168 2311 1242 2389 nes-

269 2438 358 2529 cius,
383 2456 423 2509 ut
449 2437 493 2508 ad
511 2436 683 2534 integrum
701 2437 848 2525 bellum,
878 2434 1027 2532 reliquas
1044 2436 1242 2510 Germanici

269 2557 441 2633 exercitiis
464 2555 552 2629 vires
568 2558 738 2630 trahebat.
789 2554 895 2628 Pauci
912 2574 1070 2629 veterum
1092 2556 1243 2631 militum

268 2678 304 2750 in
322 2676 474 2760 hibernis
490 2675 610 2766 relicti,
635 2666 799 2750 festinatis
816 2701 877 2773 per
894 2676 1024 2750 Gallias
1041 2676 1244 2766 dilectibus,

267 2816 307 2869 ut
334 2795 586 2871 remanentium
613 2796 791 2894 legionum
815 2795 960 2869 nomina
992 2794 1242 2894 supplerentur·

191 2946 197 2947 ff
267 2918 360 2989 Cura
377 2917 458 3015 ripoe
476 2916 685 2993 Hordeonio
700 2919 827 2991 Flacco
845 2917 1025 3014 permllla:
1050 2917 1119 3015 ipse
1135 2937 1155 2990 e
1172 2917 1241 2990 Bn-

265 3035 409 3110 tannico
424 3038 560 3112 delectu
576 3039 657 3110 octo
681 3037 788 3110 millia
813 3038 873 3111 fibi
894 3037 1074 3136 adjunxit:
1106 3042 1241 3135 &pau-

267 3181 391 3230 corum
414 3157 549 3230 dierum
576 3157 639 3231 iter
661 3158 867 3256 progrellus‚
897 3156 1118 3255 “prosperas
1146 3159 1241 3253 apud
1285 3176 1292 3183 ·

268 3282 296 3318 “
315 3276 521 3350 Bebriacum
553 3302 619 3378 res,
660 3302 701 3350 ac
731 3299 840 3350 morte
872 3277 1022 3351 Othonis
1054 3275 1240 3350 concidlffe

268 3403 295 3438 “
315 3398 470 3469 bellum”
503 3399 646 3496 accepit.
706 3399 839 3471 Vocati
867 3398 1050 3488 concione,
1073 3397 1240 3473 virtutem

266 3516 419 3613 militum
447 3518 605 3592 laudibus
631 3519 797 3592 cumulat.
847 3519 1044 3592 Postulante
1073 3517 1240 3607 exercitu,

269 3645 296 3683 “
314 3657 350 3711 ut
367 3635 530 3710 libertum
551 3635 665 3727 suum,
693 3638 896 3726 Asiaticum,
910 3637 1056 3733 equestri
1068 3630 1239 3736 dignitate

268 3769 295 3807 “
315 3757 492 3849 donaret,’'
526 3755 741 3832 inhonestam
768 3756 1000 3833 adulationem
1036 3756 1236 3858 compescit·
