2766 4658
301 383 1015 466 Drnaoousnronnronratrs.
1102 400 1149 487 35
1223 460 1224 469 ,

167 576 207 631 ut
223 556 360 635 lascivia
381 563 582 653 verborum,
609 566 643 635 δι
668 561 809 637 levitate
830 563 1090 655 sententiarum,
1113 570 1149 641 δι

166 678 307 756 licentii
332 683 605 781 compositionis,
639 682 851 757 histrionales
878 685 1003 758 modos
1031 686 1149 784 expri-

64 893 66 911 .
166 802 283 876 man't:
312 804 480 902 quodque
495 805 558 877 vix
575 802 696 877 auditu
717 800 768 878 fas
785 806 851 878 effe
862 805 1002 896 debeat,
1021 806 1149 899 laudis,

162 925 198 996 a
215 921 351 1021 gloriae,
374 926 409 998 δε
428 922 560 1022 ingenii
578 925 658 997 loco
675 923 835 1023 plerique
844 924 990 1022 jaciant,
1018 927 1149 1002 cantari

160 1039 344 1141 saltarique
371 1026 642 1119 commentarios
672 1043 765 1118 suos.
815 1045 925 1117 Unde
956 1046 1063 1121 oritur
1088 1048 1150 1123 illa

162 1160 262 1236 foeda
273 1167 307 1237 dc
321 1164 543 1263 praepostera,
558 1163 617 1239 sed
635 1184 750 1238 tamen
763 1160 924 1262 frequens
936 1164 1149 1261 quibusdam

163 1285 388 1376 exclamatio,
402 1306 442 1360 ut
458 1307 609 1361 oratores
626 1284 733 1360 nostri
749 1285 867 1358 tenere
883 1284 1011 1377 dioere,
1037 1287 1150 1363 histri·

162 1428 247 1479 ones
262 1404 386 1480 diserte
403 1405 524 1482 saltare
539 1407 710 1482 dieantur.
753 1405 932 1505 Equidem
948 1431 1020 1481 non
1037 1434 1147 1514 nega·

163 1525 276 1601 verim
292 1528 443 1604 Caffium
459 1531 641 1619 Severum,
661 1553 768 1627 quem
785 1527 898 1603 solum
914 1534 1014 1628 Aper
1029 1530 1147 1605 noster

161 1645 344 1723 nominare
358 1649 458 1740 ausus
473 1650 535 1742 est,
561 1654 585 1724 sr
613 1649 667 1724 his
691 1671 925 1748 comparetur,
944 1649 1006 1748 qui
1032 1651 1153 1748 postea

161 1765 315 1862 fuerunt,
357 1774 452 1869 poffe
493 1791 664 1846 oratorem
696 1770 828 1862 vocari,
858 1795 1076 1870 quamquam
1113 1771 1150 1845 in

162 1894 292 1987 magni
320 1912 417 1989 parte
445 1890 618 1967 librorum
642 1891 786 1966 suorum
814 1893 894 1990 plus
922 1891 976 1966 vis
1007 1893 1148 1983 habeat,
1194 1992 1199 1998 .

161 2010 272 2109 quim
289 2010 477 2113 sanguinis.
514 2013 653 2087 Primus
673 2013 781 2103 enim,
800 2033 1005 2111 contempto
1027 2012 1151 2122 ordine

160 2154 290 2224 rerum,
307 2132 432 2209 omissa
448 2133 634 2223 modestia,
663 2158 704 2207 ac
722 2134 856 2230 pudore
873 2134 1076 2223 verborum,
1093 2134 1150 2232 ip·

87 2349 89 2352 Ι
161 2254 204 2326 fis
230 2253 351 2341 etiam,
381 2253 510 2349 quibus
538 2251 660 2347 utitur,
693 2250 797 2325 armis
822 2251 1083 2347 incompositus,
1113 2257 1149 2327 δι
1270 2264 1275 2274 ‘

147 2371 275 2444 *studio
301 2369 447 2459 feriendi
471 2360 679 2469 plemmque
705 2370 877 2460 derectus,
900 2395 972 2444 non
1000 2391 1149 2471 pugnat,

159 2487 219 2564 sed
235 2490 379 2566 rixatur.
428 2490 606 2580 Ceterum,
631 2510 672 2564 ut
697 2489 794 2581 dixi„
810 2489 1033 2589 sequentibus
1050 2518 1150 2587 com·
1192 2546 1196 2551 ·

160 2630 311 2710 paratus,
336 2616 371 2686 &
401 2611 566 2687 varietate
591 2609 809 2702 eruditionis,
835 2614 870 2686 8t
898 2613 1020 2710 lepore
1042 2615 1149 2687 urba·

160 2730 292 2823 nitaris,
320 2736 354 2806 δι
372 2732 524 2831 ipsarum
540 2732 669 2806 virium
687 2734 827 2823 robore,
845 2733 999 2810 multum
1017 2753 1148 2809 ceteros

157 2850 316 2951 superat:
341 2880 493 2953 quorum
508 2853 685 2929 neminem
702 2856 802 2953 Aper
819 2851 1012 2943 nominare,
1037 2858 1072 2928 ὅτ
1088 2879 1149 2928 ve·

159 2973 212 3046 lut
228 2973 265 3047 in
280 2973 391 3049 aciem
404 2976 553 3050 educere
568 2973 735 3048 sustinuit.
772 2976 854 3073 Ego
871 2994 990 3069 autem
1005 2973 1147 3072 exspec-

161 3095 295 3188 tabam,
324 3115 363 3170 ut
390 3093 547 3171 incusato
572 3084 707 3186 Afinio,
738 3095 929 3186 acerelio,
957 3099 991 3169 dc
1020 3097 1146 3188 Calvo,

58 3202 62 3211 ”
159 3215 256 3289 aliud
282 3209 418 3292 novum
445 3208 574 3317 agmen
603 3218 826 3316 produceret,
859 3213 1056 3315 pluresque,
1090 3220 1149 3294 vel

161 3337 255 3412 certe
271 3337 421 3412 totidem
446 3338 657 3430 nominaret,
684 3365 730 3413 ex
760 3338 889 3437 quibus
912 3338 1020 3414 alium
1046 3339 1148 3415 Cice·

161 3458 251 3548 roni,
278 3459 387 3536 alium
403 3459 541 3552 Caesari,
570 3459 711 3559 singulis
732 3461 877 3534 demum
904 3462 1059 3559 singulos
1081 3485 1147 3559 op·

162 3599 383 3673 poneremus.
417 3582 526 3656 Nunc
542 3582 740 3656 detrectaffe
756 3580 965 3656 nominatim
983 3581 1148 3678 antiquos

161 3716 313 3776 oratores
340 3722 539 3794 contentus,
565 3702 743 3777 neminem
764 3702 982 3803 sequentium
1009 3700 1148 3775 laudare

162 3814 260 3893 ausus
276 3820 340 3915 est,
365 3824 426 3900 nifi
443 3824 480 3900 in
498 3824 683 3926 publicum
701 3829 734 3900 δι
752 3824 1006 3902 incommune.
1048 3820 1146 3899 Veri·

624 3946 661 4020 D
687 3970 707 4021 2
