2752 4710
235 373 314 448 330
464 347 1035 425 GCorruemTactrt

233 524 293 603 isse
308 521 519 619 accepimus.
567 527 677 595 Arma
693 519 840 610 tundis,
859 520 919 619 qui
937 520 1027 596 ferre
1045 522 1182 619 possent
1194 551 1221 616 ἦ

235 645 407 741 &plmes,
421 643 529 737 quim
547 666 612 736 pro
621 666 789 732 numero,
808 643 997 715 audebant.
1045 639 1213 726 obstina-

234 765 284 841 tio
305 761 384 833 viris
408 744 609 857 feminisque
627 786 710 859 par:
737 787 792 850 ac,
811 760 1026 843 fitransserre
1043 760 1138 836 sedes
1153 788 1215 836 co-

233 900 405 981 gerentur,
425 878 534 980 major
549 881 629 956 vitae
647 903 776 972 metus,
795 882 902 980 quim
920 883 1052 968 mortis.
1075 971 1078 976 Ι
1103 885 1214 971 Hanc

229 999 395 1076 adversbs
414 1002 540 1087 urbem
565 1024 778 1101 gentemque
795 1001 905 1076 Caelat
920 1002 1038 1093 Titus,
1069 1005 1213 1101 quando

228 1122 404 1219 impetum
430 1127 464 1197 lit
481 1123 591 1198 subita
608 1123 690 1200 belli
707 1125 805 1197 locus
828 1127 1005 1213 abnueret,
1023 1124 1213 1223 aggeribus

228 1241 430 1342 vineisque·
442 1264 573 1322 certare
596 1244 722 1318 statuit.
773 1243 989 1327 Dividuntur
1017 1243 1215 1342 legionibus
1247 1236 1249 1244 ’

227 1364 362 1456 munia,
383 1365 531 1464 &quies
549 1365 751 1462 proeliorum
769 1364 856 1451 suit;
876 1367 990 1439 donec
1007 1367 1133 1469 cuneta
1148 1390 1210 1442 ex·
1258 1415 1261 1426 ·

133 1578 138 1589 x
228 1485 430 1587 pugnandis
444 1486 587 1563 urbibus
606 1509 737 1584 reperta
753 1487 848 1585 apud
865 1478 1012 1578 ueteres,
1029 1507 1088 1571 aut
1112 1487 1215 1578 nouit

230 1607 395 1708 ingeniis,
415 1607 637 1684 struerentur.

278 1731 377 1804 XlV.
403 1732 464 1801 Ar
481 1727 616 1817 Civilis,
642 1727 720 1826 post
736 1730 865 1804 malam
886 1728 924 1803 in
941 1729 1101 1804 Treveris
1118 1756 1210 1829 pug-

228 1875 326 1940 nam,
345 1869 501 1945 reparato
517 1873 578 1946 per
601 1851 826 1925 Germaniam
843 1850 1010 1942 exercitu,
1029 1852 1123 1949 apud
1139 1853 1214 1928 Ve-.

227 1991 301 2047 tera
329 1968 439 2044 castra
466 1967 642 2057 consedit3
660 1988 766 2047 tutus
794 1973 889 2063 loco,
917 1976 952 2046 a
979 1993 1017 2046 ut
1043 1971 1213 2061 memoria

228 2088 469 2191 prosperarum
495 2090 565 2165 illic
594 2116 720 2183 rerum,
744 2091 963 2191 augescerent
985 2095 1214 2183 barbarorum

227 2210 347 2288 animi.
396 2214 540 2286 Secutus
555 2211 606 2286 est
622 2212 749 2290 eddem
765 2211 919 2302 Cerialis,
944 2212 1128 2309 duplicatis
1145 2237 1207 2286 co-

229 2333 311 2434 piis,
327 2333 480 2411 adventu
505 2331 664 2415 secunda
689 2338 722 2407 δι
748 2332 902 2408 sexta&
929 2331 1211 2431 quartadecima

228 2455 422 2553 legionum.
471 2455 708 2553 Cohortcsque
727 2459 760 2529 su
777 2457 854 2545 alae,
879 2451 1090 2553 jampridem
1118 2455 1211 2531 acci-

227 2596 288 2667 tae,
307 2576 384 2674 poll
400 2574 581 2651 visloriam
600 2595 897 2680 properaverant.)
929 2577 1063 2659 Neuter
1077 2576 1211 2665 ducum

228 2700 420 2778 cunctator.
468 2697 536 2770 Sed
564 2699 703 2773 arcebat
735 2695 880 2774 latitudo
905 2722 1124 2794 camporum,
1152 2695 1208 2771 su·
1321 2769 1324 2775 .

227 2841 311 2918 opte
328 2817 470 2918 ingenio
484 2817 718 2893 humentium.
769 2805 964 2893 Addiderat
981 2817 1103 2891 Civilis
1119 2817 1211 2891 obli-

226 2968 336 3042 quam
353 2941 389 3015 in
407 2941 577 3018 Rhenum
590 2939 740 3028 molem,
765 2935 861 3035 cujus
877 2936 1016 3036 objeftu
1034 2939 1211 3013 revolutus

225 3064 352 3153 amnis,
371 3059 607 3160 adjacentibus
624 3056 939 3157 superfunderetur.
991 3062 1044 3132 Ea
1055 3058 1126 3133 loci
1137 3056 1207 3133 for·

183 3205 188 3229 ¹
226 3209 300 3273 tna,
318 3182 456 3256 incenis
468 3182 568 3256 vadis
585 3180 743 3271 subdola,
756 3185 790 3253 ὃ(
806 3178 907 3253 nobis
923 3177 1082 3256 adversa:
1103 3178 1206 3278 quip-

225 3329 271 3403 pe
298 3303 397 3378 miles
423 3306 609 3378 Romanus
631 3303 733 3376 armis
765 3299 892 3400 gravis,
922 3305 956 3375 dt
983 3301 1088 3376 nandi
1109 3300 1206 3398 pavie
1270 3306 1273 3309 ’

225 3425 314 3510 dus;
341 3425 536 3498 Germanos
565 3423 771 3504 fluminibus
796 3423 923 3513 suetos,
950 3422 1072 3497 levitas
1092 3446 1206 3496 armo·

225 3572 318 3634 rum,
339 3547 372 3618 dt
392 3546 573 3640 proceritas
585 3571 775 3644 corporum
787 3543 922 3619 attollit.
1045 3595 1048 3602 ·
1143 3632 1147 3635 μ

274 3670 356 3747 XV.
382 3667 538 3754 lntruu,
570 3665 808 3742 lacessentibus
824 3663 982 3754 Batavis,
1000 3662 1211 3751 ferocissimo

226 3792 355 3892 cuique
369 3783 563 3877 nostrorum
579 3805 740 3887 coeptum
759 3805 957 3872 certamen:
983 3783 1112 3872 deinde
1133 3766 1228 3874 onas
