<?xml version="1.0" encoding="UTF-8"?>
<!DOCTYPE html PUBLIC "-//W3C//DTD XHTML 1.0 Transitional//EN"
    "http://www.w3.org/TR/xhtml1/DTD/xhtml1-transitional.dtd">
<html xmlns="http://www.w3.org/1999/xhtml" xml:lang="en" lang="en">
 <head>
  <title>
</title>
<meta http-equiv="Content-Type" content="text/html;charset=utf-8" />
  <meta name='ocr-system' content='tesseract 3.04.00' />
  <meta name='ocr-capabilities' content='ocr_page ocr_carea ocr_par ocr_line ocrx_word'/>
</head>
<body>
  <div class='ocr_page' id='page_1' title='image "./ccorneliitaciti01freigoog_0373.png"; bbox 0 0 2752 4710; ppageno 0'>
   <div class='ocr_carea' id='block_1_1' title="bbox 259 346 1064 426">
    <p class='ocr_par' dir='ltr' id='par_1_1' title="bbox 259 346 1064 426">
     <span class='ocr_line' id='line_1_1' title="bbox 259 346 1064 426; baseline 0.007 -7"><span class='ocrx_word' id='word_1_1' title='bbox 259 349 305 419; x_wconf 80' lang='lat'>28</span> <span class='ocrx_word' id='word_1_2' title='bbox 473 346 515 419; x_wconf 87' lang='lat' dir='ltr'>C.</span> <span class='ocrx_word' id='word_1_3' title='bbox 556 347 821 422; x_wconf 75' lang='lat' dir='ltr'>Connrnrr</span> <span class='ocrx_word' id='word_1_4' title='bbox 862 350 1064 426; x_wconf 77' lang='lat' dir='ltr'>Tncrrt</span> 
     </span>
    </p>
   </div>
   <div class='ocr_carea' id='block_1_2' title="bbox 254 507 1301 616">
    <p class='ocr_par' dir='ltr' id='par_1_2' title="bbox 254 507 1301 616">
     <span class='ocr_line' id='line_1_2' title="bbox 254 507 1301 616; baseline -0.002 -19"><span class='ocrx_word' id='word_1_5' title='bbox 254 518 327 616; x_wconf 84' lang='lat' dir='ltr'>jam</span> <span class='ocrx_word' id='word_1_6' title='bbox 340 522 386 593; x_wconf 88' lang='lat' dir='ltr'>ab</span> <span class='ocrx_word' id='word_1_7' title='bbox 402 538 532 593; x_wconf 85' lang='lat' dir='ltr'>oratore</span> <span class='ocrx_word' id='word_1_8' title='bbox 545 521 645 595; x_wconf 83' lang='lat' dir='ltr'>etiam</span> <span class='ocrx_word' id='word_1_9' title='bbox 664 520 820 616; x_wconf 77' lang='lat' dir='ltr'>poe&#39;tirus</span> <span class='ocrx_word' id='word_1_10' title='bbox 834 523 953 613; x_wconf 91' lang='lat' dir='ltr'>decor,</span> <span class='ocrx_word' id='word_1_11' title='bbox 972 550 1045 597; x_wconf 90' lang='lat' dir='ltr'>non</span> <span class='ocrx_word' id='word_1_12' title='bbox 1062 522 1162 597; x_wconf 86' lang='lat' dir='ltr'>Accii</span> <span class='ocrx_word' id='word_1_13' title='bbox 1174 539 1240 596; x_wconf 86' lang='lat' dir='ltr'>aut</span> <span class='ocrx_word' id='word_1_14' title='bbox 1292 507 1301 514; x_wconf 34' lang='lat'><em>¹</em></span> 
     </span>
    </p>
   </div>
   <div class='ocr_carea' id='block_1_3' title="bbox 256 638 1345 736">
    <p class='ocr_par' dir='ltr' id='par_1_3' title="bbox 256 638 1345 736">
     <span class='ocr_line' id='line_1_3' title="bbox 256 638 1345 736; baseline -0.002 -23"><span class='ocrx_word' id='word_1_15' title='bbox 256 639 399 713; x_wconf 82' lang='lat' dir='ltr'>Pacuvii</span> <span class='ocrx_word' id='word_1_16' title='bbox 418 658 557 712; x_wconf 86' lang='lat' dir='ltr'>veterno</span> <span class='ocrx_word' id='word_1_17' title='bbox 572 639 785 736; x_wconf 82' lang='lat' dir='ltr'>inquinatus,</span> <span class='ocrx_word' id='word_1_18' title='bbox 803 638 860 712; x_wconf 92' lang='lat' dir='ltr'>sed</span> <span class='ocrx_word' id='word_1_19' title='bbox 878 667 922 713; x_wconf 84' lang='lat' dir='ltr'>ex</span> <span class='ocrx_word' id='word_1_20' title='bbox 935 644 1092 735; x_wconf 85' lang='lat' dir='ltr'>Horatii,</span> <span class='ocrx_word' id='word_1_21' title='bbox 1107 647 1139 716; x_wconf 67' lang='grc' dir='ltr'>ὃ(</span> <span class='ocrx_word' id='word_1_22' title='bbox 1153 643 1254 714; x_wconf 56' lang='lat' dir='ltr'>Vir-1</span> <span class='ocrx_word' id='word_1_23' title='bbox 1344 726 1345 729; x_wconf 8' lang='grc' dir='ltr'><strong>Ἴ</strong></span> 
     </span>
    </p>
   </div>
   <div class='ocr_carea' id='block_1_4' title="bbox 198 758 1279 3861">
    <p class='ocr_par' dir='ltr' id='par_1_4' title="bbox 252 758 1279 1803">
     <span class='ocr_line' id='line_1_4' title="bbox 258 758 1239 861; baseline 0.003 -31"><span class='ocrx_word' id='word_1_24' title='bbox 258 759 343 856; x_wconf 83' lang='lat' dir='ltr'>gilii,</span> <span class='ocrx_word' id='word_1_25' title='bbox 374 764 408 832; x_wconf 85' lang='lat'>&amp;</span> <span class='ocrx_word' id='word_1_26' title='bbox 434 759 568 831; x_wconf 86' lang='lat' dir='ltr'>Lucani</span> <span class='ocrx_word' id='word_1_27' title='bbox 594 758 733 831; x_wconf 86' lang='lat' dir='ltr'>sacrario</span> <span class='ocrx_word' id='word_1_28' title='bbox 747 761 914 856; x_wconf 86' lang='lat' dir='ltr'>prolatus.</span> <span class='ocrx_word' id='word_1_29' title='bbox 963 767 1109 838; x_wconf 90' lang='lat' dir='ltr'>Horum</span> <span class='ocrx_word' id='word_1_30' title='bbox 1128 763 1239 861; x_wconf 84' lang='lat' dir='ltr'>igitur</span> 
     </span>
     <span class='ocr_line' id='line_1_5' title="bbox 256 876 1279 978; baseline 0.005 -28"><span class='ocrx_word' id='word_1_31' title='bbox 256 877 394 955; x_wconf 86' lang='lat' dir='ltr'>auribus</span> <span class='ocrx_word' id='word_1_32' title='bbox 412 883 445 951; x_wconf 73' lang='lat' dir='ltr'>u</span> <span class='ocrx_word' id='word_1_33' title='bbox 471 876 611 975; x_wconf 84' lang='lat' dir='ltr'>judiciis</span> <span class='ocrx_word' id='word_1_34' title='bbox 635 881 877 976; x_wconf 87' lang='lat' dir='ltr'>obtemperans</span> <span class='ocrx_word' id='word_1_35' title='bbox 900 881 1090 955; x_wconf 86' lang='lat' dir='ltr'>nostrorum</span> <span class='ocrx_word' id='word_1_36' title='bbox 1116 903 1238 955; x_wconf 85' lang='lat' dir='ltr'>orato·</span> <span class='ocrx_word' id='word_1_37' title='bbox 1274 975 1279 978; x_wconf 82' lang='lat'>.</span> 
     </span>
     <span class='ocr_line' id='line_1_6' title="bbox 253 997 1238 1098; baseline 0.004 -28"><span class='ocrx_word' id='word_1_38' title='bbox 253 1023 329 1071; x_wconf 91' lang='lat' dir='ltr'>rum</span> <span class='ocrx_word' id='word_1_39' title='bbox 355 1018 450 1087; x_wconf 83' lang='lat' dir='ltr'>aetas,</span> <span class='ocrx_word' id='word_1_40' title='bbox 479 997 712 1094; x_wconf 82' lang='lat' dir='ltr'>pulchrior&amp;</span> <span class='ocrx_word' id='word_1_41' title='bbox 736 1000 887 1073; x_wconf 89' lang='lat' dir='ltr'>ornatior</span> <span class='ocrx_word' id='word_1_42' title='bbox 913 1001 1050 1073; x_wconf 84' lang='lat' dir='ltr'>exstitit.</span> <span class='ocrx_word' id='word_1_43' title='bbox 1098 1005 1238 1098; x_wconf 84' lang='lat' dir='ltr'>Neque</span> 
     </span>
     <span class='ocr_line' id='line_1_7' title="bbox 252 1117 1241 1218; baseline 0.005 -27"><span class='ocrx_word' id='word_1_44' title='bbox 252 1117 333 1192; x_wconf 93' lang='lat' dir='ltr'>ideo</span> <span class='ocrx_word' id='word_1_45' title='bbox 365 1118 480 1190; x_wconf 79' lang='lat' dir='ltr'>minus</span> <span class='ocrx_word' id='word_1_46' title='bbox 509 1120 663 1192; x_wconf 87' lang='lat' dir='ltr'>efficaces</span> <span class='ocrx_word' id='word_1_47' title='bbox 688 1117 765 1191; x_wconf 90' lang='lat' dir='ltr'>sunt</span> <span class='ocrx_word' id='word_1_48' title='bbox 789 1121 960 1195; x_wconf 83' lang='lat' dir='ltr'>orationes</span> <span class='ocrx_word' id='word_1_49' title='bbox 988 1121 1121 1211; x_wconf 87' lang='lat' dir='ltr'>nostrae,</span> <span class='ocrx_word' id='word_1_50' title='bbox 1152 1121 1241 1218; x_wconf 82' lang='lat' dir='ltr'>quia</span> 
     </span>
     <span class='ocr_line' id='line_1_8' title="bbox 253 1237 1237 1338; baseline 0.001 -24"><span class='ocrx_word' id='word_1_51' title='bbox 253 1239 299 1314; x_wconf 82' lang='lat' dir='ltr'>ad</span> <span class='ocrx_word' id='word_1_52' title='bbox 328 1263 426 1311; x_wconf 87' lang='lat' dir='ltr'>aures</span> <span class='ocrx_word' id='word_1_53' title='bbox 449 1237 682 1336; x_wconf 83' lang='lat' dir='ltr'>judicantium</span> <span class='ocrx_word' id='word_1_54' title='bbox 704 1266 786 1312; x_wconf 89' lang='lat' dir='ltr'>cum</span> <span class='ocrx_word' id='word_1_55' title='bbox 811 1243 992 1337; x_wconf 87' lang='lat' dir='ltr'>voluptate</span> <span class='ocrx_word' id='word_1_56' title='bbox 1015 1242 1237 1338; x_wconf 86' lang='lat' dir='ltr'>perveniunt.</span> 
     </span>
     <span class='ocr_line' id='line_1_9' title="bbox 254 1347 1235 1457; baseline 0.003 -26"><span class='ocrx_word' id='word_1_57' title='bbox 254 1359 354 1457; x_wconf 79' lang='lat' dir='ltr'>Qud</span> <span class='ocrx_word' id='word_1_58' title='bbox 383 1359 476 1432; x_wconf 90' lang='lat' dir='ltr'>enim</span> <span class='ocrx_word' id='word_1_59' title='bbox 502 1363 523 1433; x_wconf 84' lang='lat' dir='ltr'><strong>fi</strong></span> <span class='ocrx_word' id='word_1_60' title='bbox 546 1358 736 1432; x_wconf 84' lang='lat' dir='ltr'>infirmiora</span> <span class='ocrx_word' id='word_1_61' title='bbox 761 1361 888 1433; x_wconf 87' lang='lat' dir='ltr'>horum</span> <span class='ocrx_word' id='word_1_62' title='bbox 916 1381 1113 1457; x_wconf 84' lang='lat' dir='ltr'>temporum</span> <span class='ocrx_word' id='word_1_63' title='bbox 1143 1347 1235 1434; x_wconf 88' lang='lat' dir='ltr'>tem·</span> 
     </span>
     <span class='ocr_line' id='line_1_10' title="bbox 253 1479 1236 1578; baseline 0.003 -26"><span class='ocrx_word' id='word_1_64' title='bbox 253 1482 312 1578; x_wconf 85' lang='lat' dir='ltr'>pla</span> <span class='ocrx_word' id='word_1_65' title='bbox 328 1480 459 1567; x_wconf 87' lang='lat' dir='ltr'>credas,</span> <span class='ocrx_word' id='word_1_66' title='bbox 485 1479 566 1575; x_wconf 87' lang='lat' dir='ltr'>quia</span> <span class='ocrx_word' id='word_1_67' title='bbox 583 1505 653 1551; x_wconf 92' lang='lat' dir='ltr'>non</span> <span class='ocrx_word' id='word_1_68' title='bbox 672 1479 747 1552; x_wconf 87' lang='lat' dir='ltr'>rudi</span> <span class='ocrx_word' id='word_1_69' title='bbox 765 1482 950 1572; x_wconf 71' lang='lat' dir='ltr'>cremento,</span> <span class='ocrx_word' id='word_1_70' title='bbox 978 1480 1236 1555; x_wconf 81' lang='lat' dir='ltr'>&amp;informibus</span> 
     </span>
     <span class='ocr_line' id='line_1_11' title="bbox 255 1597 1235 1699; baseline 0.001 -25"><span class='ocrx_word' id='word_1_71' title='bbox 255 1600 380 1699; x_wconf 85' lang='lat' dir='ltr'>tegulis</span> <span class='ocrx_word' id='word_1_72' title='bbox 406 1599 640 1690; x_wconf 84' lang='lat' dir='ltr'>exstruuntur,</span> <span class='ocrx_word' id='word_1_73' title='bbox 670 1597 727 1673; x_wconf 84' lang='lat' dir='ltr'>sed</span> <span class='ocrx_word' id='word_1_74' title='bbox 751 1627 923 1675; x_wconf 85' lang='lat' dir='ltr'>marmore</span> <span class='ocrx_word' id='word_1_75' title='bbox 950 1601 1059 1676; x_wconf 85' lang='lat' dir='ltr'>nitent</span> <span class='ocrx_word' id='word_1_76' title='bbox 1087 1606 1235 1675; x_wconf 84' lang='lat' dir='ltr'>&amp;auro</span> 
     </span>
     <span class='ocr_line' id='line_1_12' title="bbox 254 1721 893 1803; baseline -0.002 -8"><span class='ocrx_word' id='word_1_77' title='bbox 254 1721 456 1803; x_wconf 81' lang='lat' dir='ltr'>radiantur?</span> <span class='ocrx_word' id='word_1_78' title='bbox 886 1736 893 1742; x_wconf 73' lang='grc'><strong>“</strong></span> 
     </span>
    </p>

    <p class='ocr_par' dir='ltr' id='par_1_5' title="bbox 198 1839 1235 3861">
     <span class='ocr_line' id='line_1_13' title="bbox 301 1839 1234 1938; baseline 0.003 -26"><span class='ocrx_word' id='word_1_79' title='bbox 301 1840 402 1912; x_wconf 91' lang='grc' dir='ltr'><strong>ΧΧΙ.</strong></span> <span class='ocrx_word' id='word_1_80' title='bbox 428 1842 621 1925; x_wconf 62' lang='lat' dir='ltr'>Enurnrm</span> <span class='ocrx_word' id='word_1_81' title='bbox 641 1839 773 1913; x_wconf 86' lang='lat' dir='ltr'>fatebor</span> <span class='ocrx_word' id='word_1_82' title='bbox 788 1842 886 1914; x_wconf 90' lang='lat' dir='ltr'>vobis</span> <span class='ocrx_word' id='word_1_83' title='bbox 900 1842 1109 1938; x_wconf 82' lang='lat' dir='ltr'>fimplieiter,</span> <span class='ocrx_word' id='word_1_84' title='bbox 1127 1867 1184 1915; x_wconf 90' lang='lat' dir='ltr'>me</span> <span class='ocrx_word' id='word_1_85' title='bbox 1197 1841 1234 1915; x_wconf 89' lang='lat' dir='ltr'>in</span> 
     </span>
     <span class='ocr_line' id='line_1_14' title="bbox 252 1957 1234 2060; baseline 0.008 -29"><span class='ocrx_word' id='word_1_86' title='bbox 252 1957 458 2057; x_wconf 86' lang='lat' dir='ltr'>quibusdam</span> <span class='ocrx_word' id='word_1_87' title='bbox 486 1959 710 2054; x_wconf 85' lang='lat' dir='ltr'>antiquorum</span> <span class='ocrx_word' id='word_1_88' title='bbox 731 1960 792 2032; x_wconf 87' lang='lat' dir='ltr'>vix</span> <span class='ocrx_word' id='word_1_89' title='bbox 816 1962 936 2051; x_wconf 88' lang='lat' dir='ltr'>risum,</span> <span class='ocrx_word' id='word_1_90' title='bbox 963 1963 999 2035; x_wconf 92' lang='lat' dir='ltr'>in</span> <span class='ocrx_word' id='word_1_91' title='bbox 1023 1962 1234 2060; x_wconf 83' lang='lat' dir='ltr'>quibusdam</span> 
     </span>
     <span class='ocr_line' id='line_1_15' title="bbox 251 2075 1235 2178; baseline 0.004 -26"><span class='ocrx_word' id='word_1_92' title='bbox 251 2100 368 2152; x_wconf 84' lang='lat' dir='ltr'>autem</span> <span class='ocrx_word' id='word_1_93' title='bbox 385 2077 446 2150; x_wconf 85' lang='lat' dir='ltr'>vix</span> <span class='ocrx_word' id='word_1_94' title='bbox 466 2075 627 2151; x_wconf 84' lang='lat' dir='ltr'>somnum</span> <span class='ocrx_word' id='word_1_95' title='bbox 644 2098 771 2177; x_wconf 85' lang='lat' dir='ltr'>tenere,</span> <span class='ocrx_word' id='word_1_96' title='bbox 799 2105 862 2153; x_wconf 90' lang='lat' dir='ltr'>nec</span> <span class='ocrx_word' id='word_1_97' title='bbox 888 2106 997 2152; x_wconf 88' lang='lat' dir='ltr'>unum</span> <span class='ocrx_word' id='word_1_98' title='bbox 1024 2083 1069 2154; x_wconf 93' lang='lat' dir='ltr'>de</span> <span class='ocrx_word' id='word_1_99' title='bbox 1096 2085 1235 2178; x_wconf 89' lang='lat' dir='ltr'>populo</span> 
     </span>
     <span class='ocr_line' id='line_1_16' title="bbox 251 2193 1233 2296; baseline 0.002 -22"><span class='ocrx_word' id='word_1_100' title='bbox 251 2199 378 2274; x_wconf 84' lang='lat' dir='ltr'>Canuti</span> <span class='ocrx_word' id='word_1_101' title='bbox 395 2193 581 2275; x_wconf 70' lang='lat' dir='ltr'>aut‘Aride</span> <span class='ocrx_word' id='word_1_102' title='bbox 598 2197 777 2270; x_wconf 85' lang='lat' dir='ltr'>Furnio&amp;</span> <span class='ocrx_word' id='word_1_103' title='bbox 800 2198 967 2288; x_wconf 86' lang='lat' dir='ltr'>Torani0,</span> <span class='ocrx_word' id='word_1_104' title='bbox 985 2199 1116 2296; x_wconf 89' lang='lat' dir='ltr'>quique</span> <span class='ocrx_word' id='word_1_105' title='bbox 1140 2202 1233 2276; x_wconf 86' lang='lat' dir='ltr'>alios</span> 
     </span>
     <span class='ocr_line' id='line_1_17' title="bbox 253 2318 1234 2424; baseline 0 -28"><span class='ocrx_word' id='word_1_106' title='bbox 253 2323 290 2396; x_wconf 92' lang='lat' dir='ltr'>in</span> <span class='ocrx_word' id='word_1_107' title='bbox 315 2323 438 2424; x_wconf 90' lang='lat' dir='ltr'>eodem</span> <span class='ocrx_word' id='word_1_108' title='bbox 460 2319 710 2393; x_wconf 80' lang='lat' dir='ltr'>valetudinario</span> <span class='ocrx_word' id='word_1_109' title='bbox 734 2321 808 2394; x_wconf 85' lang='lat' dir='ltr'>haec</span> <span class='ocrx_word' id='word_1_110' title='bbox 826 2321 894 2391; x_wconf 88' lang='lat' dir='ltr'>ossa</span> <span class='ocrx_word' id='word_1_111' title='bbox 911 2318 947 2389; x_wconf 76' lang='grc' dir='ltr'>δι</span> <span class='ocrx_word' id='word_1_112' title='bbox 964 2320 1052 2392; x_wconf 81' lang='lat' dir='ltr'>hanc</span> <span class='ocrx_word' id='word_1_113' title='bbox 1079 2320 1234 2396; x_wconf 82' lang='lat' dir='ltr'>maciem</span> 
     </span>
     <span class='ocr_line' id='line_1_18' title="bbox 252 2439 1231 2542; baseline -0.002 -27"><span class='ocrx_word' id='word_1_114' title='bbox 252 2445 411 2542; x_wconf 86' lang='lat' dir='ltr'>probant.</span> <span class='ocrx_word' id='word_1_115' title='bbox 460 2442 535 2539; x_wconf 88' lang='lat' dir='ltr'>lpse</span> <span class='ocrx_word' id='word_1_116' title='bbox 553 2439 638 2513; x_wconf 84' lang='lat' dir='ltr'>milri</span> <span class='ocrx_word' id='word_1_117' title='bbox 654 2441 798 2528; x_wconf 87' lang='lat' dir='ltr'>Calvus,</span> <span class='ocrx_word' id='word_1_118' title='bbox 811 2440 893 2513; x_wconf 72' lang='lat' dir='ltr'>etim</span> <span class='ocrx_word' id='word_1_119' title='bbox 910 2466 1020 2514; x_wconf 91' lang='lat' dir='ltr'>unum</span> <span class='ocrx_word' id='word_1_120' title='bbox 1037 2439 1074 2511; x_wconf 75' lang='grc' dir='ltr'>δι</span> <span class='ocrx_word' id='word_1_121' title='bbox 1087 2439 1231 2537; x_wconf 81' lang='lat' dir='ltr'>viginti,</span> 
     </span>
     <span class='ocr_line' id='line_1_19' title="bbox 198 2548 1233 2660; baseline -0.002 -22"><span class='ocrx_word' id='word_1_122' title='bbox 198 2612 204 2615; x_wconf 96' lang='lat'>-</span> <span class='ocrx_word' id='word_1_123' title='bbox 251 2584 291 2638; x_wconf 92' lang='lat' dir='ltr'>ut</span> <span class='ocrx_word' id='word_1_124' title='bbox 318 2584 417 2660; x_wconf 92' lang='lat' dir='ltr'>puto,</span> <span class='ocrx_word' id='word_1_125' title='bbox 448 2561 554 2634; x_wconf 88' lang='lat' dir='ltr'>libros</span> <span class='ocrx_word' id='word_1_126' title='bbox 577 2559 764 2657; x_wconf 84' lang='lat' dir='ltr'>reliquerit,</span> <span class='ocrx_word' id='word_1_127' title='bbox 794 2561 855 2632; x_wconf 85' lang='lat' dir='ltr'>vix</span> <span class='ocrx_word' id='word_1_128' title='bbox 883 2560 919 2632; x_wconf 94' lang='lat' dir='ltr'>in</span> <span class='ocrx_word' id='word_1_129' title='bbox 947 2562 1016 2632; x_wconf 76' lang='lat' dir='ltr'>unst</span> <span class='ocrx_word' id='word_1_130' title='bbox 1038 2581 1096 2633; x_wconf 87' lang='lat' dir='ltr'>aut</span> <span class='ocrx_word' id='word_1_131' title='bbox 1124 2548 1233 2636; x_wconf 60' lang='lat' dir='ltr'>elteri</span> 
     </span>
     <span class='ocr_line' id='line_1_20' title="bbox 251 2662 1232 2759; baseline -0.004 -1"><span class='ocrx_word' id='word_1_132' title='bbox 251 2684 466 2759; x_wconf 65' lang='lat' dir='ltr'>oratiunculfi</span> <span class='ocrx_word' id='word_1_133' title='bbox 490 2662 666 2755; x_wconf 82' lang='lat' dir='ltr'>satisfacit:</span> <span class='ocrx_word' id='word_1_134' title='bbox 687 2706 751 2754; x_wconf 86' lang='lat' dir='ltr'>nec</span> <span class='ocrx_word' id='word_1_135' title='bbox 768 2679 938 2753; x_wconf 69' lang='lat' dir='ltr'>dissentire</span> <span class='ocrx_word' id='word_1_136' title='bbox 953 2699 1083 2753; x_wconf 89' lang='lat' dir='ltr'>ceteros</span> <span class='ocrx_word' id='word_1_137' title='bbox 1099 2684 1144 2754; x_wconf 88' lang='lat' dir='ltr'>ab</span> <span class='ocrx_word' id='word_1_138' title='bbox 1161 2683 1232 2755; x_wconf 92' lang='lat' dir='ltr'>hoc</span> 
     </span>
     <span class='ocr_line' id='line_1_21' title="bbox 251 2798 1228 2902; baseline -0.005 -23"><span class='ocrx_word' id='word_1_139' title='bbox 251 2831 332 2879; x_wconf 89' lang='lat' dir='ltr'>meo</span> <span class='ocrx_word' id='word_1_140' title='bbox 344 2802 478 2902; x_wconf 86' lang='lat' dir='ltr'>judicio</span> <span class='ocrx_word' id='word_1_141' title='bbox 496 2801 623 2876; x_wconf 87' lang='lat' dir='ltr'>video:</span> <span class='ocrx_word' id='word_1_142' title='bbox 653 2823 779 2898; x_wconf 91' lang='lat' dir='ltr'>quotus</span> <span class='ocrx_word' id='word_1_143' title='bbox 798 2800 892 2874; x_wconf 92' lang='lat' dir='ltr'>enim</span> <span class='ocrx_word' id='word_1_144' title='bbox 909 2798 1052 2897; x_wconf 91' lang='lat' dir='ltr'>quisque</span> <span class='ocrx_word' id='word_1_145' title='bbox 1070 2799 1172 2873; x_wconf 79' lang='lat' dir='ltr'>Calvi</span> <span class='ocrx_word' id='word_1_146' title='bbox 1188 2801 1228 2874; x_wconf 85' lang='lat' dir='ltr'>in</span> 
     </span>
     <span class='ocr_line' id='line_1_22' title="bbox 222 2919 1228 3018; baseline -0.01 -15"><span class='ocrx_word' id='word_1_147' title='bbox 222 3000 224 3003; x_wconf 81' lang='grc'><strong>,</strong></span> <span class='ocrx_word' id='word_1_148' title='bbox 250 2925 415 3012; x_wconf 80' lang='lat' dir='ltr'>Asitium,</span> <span class='ocrx_word' id='word_1_149' title='bbox 442 2921 552 2997; x_wconf 89' lang='lat' dir='ltr'>autin</span> <span class='ocrx_word' id='word_1_150' title='bbox 574 2919 726 2994; x_wconf 83' lang='lat' dir='ltr'>Drusum</span> <span class='ocrx_word' id='word_1_151' title='bbox 752 2921 856 3018; x_wconf 82' lang='lat' dir='ltr'>legit?</span> <span class='ocrx_word' id='word_1_152' title='bbox 881 2942 915 2993; x_wconf 86' lang='lat' dir='ltr'>at</span> <span class='ocrx_word' id='word_1_153' title='bbox 944 2921 1083 2998; x_wconf 88' lang='lat' dir='ltr'>hercule</span> <span class='ocrx_word' id='word_1_154' title='bbox 1107 2919 1145 2992; x_wconf 94' lang='lat' dir='ltr'>in</span> <span class='ocrx_word' id='word_1_155' title='bbox 1162 2922 1228 2993; x_wconf 92' lang='lat' dir='ltr'>ho·</span> 
     </span>
     <span class='ocr_line' id='line_1_23' title="bbox 249 3037 1228 3118; baseline -0.004 -1"><span class='ocrx_word' id='word_1_156' title='bbox 249 3045 387 3118; x_wconf 91' lang='lat' dir='ltr'>minum</span> <span class='ocrx_word' id='word_1_157' title='bbox 412 3041 641 3117; x_wconf 88' lang='lat' dir='ltr'>studiosorum</span> <span class='ocrx_word' id='word_1_158' title='bbox 667 3041 826 3115; x_wconf 90' lang='lat' dir='ltr'>manibus</span> <span class='ocrx_word' id='word_1_159' title='bbox 842 3037 1228 3114; x_wconf 73' lang='lat' dir='ltr'>versantur&#39;accusatio-</span> 
     </span>
     <span class='ocr_line' id='line_1_24' title="bbox 249 3159 1227 3260; baseline -0.001 -25"><span class='ocrx_word' id='word_1_160' title='bbox 249 3190 323 3252; x_wconf 90' lang='lat' dir='ltr'>nes,</span> <span class='ocrx_word' id='word_1_161' title='bbox 357 3191 435 3260; x_wconf 83' lang='lat' dir='ltr'>quae</span> <span class='ocrx_word' id='word_1_162' title='bbox 460 3162 496 3234; x_wconf 87' lang='lat' dir='ltr'>in</span> <span class='ocrx_word' id='word_1_163' title='bbox 514 3161 692 3234; x_wconf 83' lang='lat' dir='ltr'>Vatinium</span> <span class='ocrx_word' id='word_1_164' title='bbox 717 3159 963 3250; x_wconf 90' lang='lat' dir='ltr'>inscribuntur,</span> <span class='ocrx_word' id='word_1_165' title='bbox 993 3185 1033 3232; x_wconf 89' lang='lat' dir='ltr'>ac</span> <span class='ocrx_word' id='word_1_166' title='bbox 1052 3160 1227 3256; x_wconf 66' lang='lat' dir='ltr'>praecipue</span> 
     </span>
     <span class='ocr_line' id='line_1_25' title="bbox 248 3278 1228 3385; baseline -0.002 -31"><span class='ocrx_word' id='word_1_167' title='bbox 248 3282 397 3356; x_wconf 83' lang='lat' dir='ltr'>secunda</span> <span class='ocrx_word' id='word_1_168' title='bbox 413 3309 458 3357; x_wconf 87' lang='lat' dir='ltr'>ex</span> <span class='ocrx_word' id='word_1_169' title='bbox 482 3282 532 3354; x_wconf 89' lang='lat' dir='ltr'>his</span> <span class='ocrx_word' id='word_1_170' title='bbox 549 3280 683 3356; x_wconf 84' lang='lat' dir='ltr'>oratio:</span> <span class='ocrx_word' id='word_1_171' title='bbox 715 3278 763 3352; x_wconf 91' lang='lat' dir='ltr'>est</span> <span class='ocrx_word' id='word_1_172' title='bbox 780 3279 875 3353; x_wconf 92' lang='lat' dir='ltr'>enim</span> <span class='ocrx_word' id='word_1_173' title='bbox 891 3279 1004 3385; x_wconf 76' lang='lat' dir='ltr'>yerbis</span> <span class='ocrx_word' id='word_1_174' title='bbox 1028 3302 1158 3369; x_wconf 84' lang='lat' dir='ltr'>ornata,</span> <span class='ocrx_word' id='word_1_175' title='bbox 1188 3279 1228 3352; x_wconf 74' lang='grc' dir='ltr'>δι</span> 
     </span>
     <span class='ocr_line' id='line_1_26' title="bbox 249 3396 1230 3497; baseline -0.002 -23"><span class='ocrx_word' id='word_1_176' title='bbox 249 3400 422 3477; x_wconf 90' lang='lat' dir='ltr'>sententiis</span> <span class='ocrx_word' id='word_1_177' title='bbox 439 3401 578 3474; x_wconf 84' lang='lat' dir='ltr'>auribus</span> <span class='ocrx_word' id='word_1_178' title='bbox 594 3399 757 3497; x_wconf 87' lang='lat' dir='ltr'>judicum</span> <span class='ocrx_word' id='word_1_179' title='bbox 773 3401 1060 3474; x_wconf 83' lang='lat' dir='ltr'>accommodata:</span> <span class='ocrx_word' id='word_1_180' title='bbox 1089 3421 1125 3471; x_wconf 89' lang='lat' dir='ltr'>ut</span> <span class='ocrx_word' id='word_1_181' title='bbox 1141 3396 1230 3472; x_wconf 81' lang='lat' dir='ltr'>scias</span> 
     </span>
     <span class='ocr_line' id='line_1_27' title="bbox 249 3516 1227 3619; baseline -0.005 -24"><span class='ocrx_word' id='word_1_182' title='bbox 249 3519 360 3619; x_wconf 89' lang='lat' dir='ltr'>ipsum</span> <span class='ocrx_word' id='word_1_183' title='bbox 377 3545 519 3616; x_wconf 90' lang='lat' dir='ltr'>quoque</span> <span class='ocrx_word' id='word_1_184' title='bbox 538 3522 691 3594; x_wconf 88' lang='lat' dir='ltr'>Calvum</span> <span class='ocrx_word' id='word_1_185' title='bbox 714 3521 914 3594; x_wconf 69' lang='lat' dir='ltr'>intellexisse</span> <span class='ocrx_word' id='word_1_186' title='bbox 932 3519 1017 3618; x_wconf 92' lang='lat' dir='ltr'>quid</span> <span class='ocrx_word' id='word_1_187' title='bbox 1035 3517 1157 3591; x_wconf 87' lang='lat' dir='ltr'>melius</span> <span class='ocrx_word' id='word_1_188' title='bbox 1175 3516 1227 3590; x_wconf 88' lang='lat' dir='ltr'>es·</span> 
     </span>
     <span class='ocr_line' id='line_1_28' title="bbox 249 3638 1227 3739; baseline -0.007 -21"><span class='ocrx_word' id='word_1_189' title='bbox 249 3644 309 3732; x_wconf 89' lang='lat' dir='ltr'>set,</span> <span class='ocrx_word' id='word_1_190' title='bbox 334 3665 395 3714; x_wconf 86' lang='lat' dir='ltr'>nec</span> <span class='ocrx_word' id='word_1_191' title='bbox 421 3642 642 3713; x_wconf 68' lang='lat' dir='ltr'>voluntatem⁴</span> <span class='ocrx_word' id='word_1_192' title='bbox 658 3641 744 3739; x_wconf 92' lang='lat' dir='ltr'>quin</span> <span class='ocrx_word' id='word_1_193' title='bbox 768 3639 948 3715; x_wconf 76' lang='lat' dir='ltr'>sublimius</span> <span class='ocrx_word' id='word_1_194' title='bbox 966 3643 1003 3713; x_wconf 88' lang='lat'>&amp;</span> <span class='ocrx_word' id='word_1_195' title='bbox 1021 3638 1145 3737; x_wconf 72' lang='lat' dir='ltr'>cultius</span> <span class='ocrx_word' id='word_1_196' title='bbox 1170 3638 1227 3712; x_wconf 85' lang='lat' dir='ltr'>di·</span> 
     </span>
     <span class='ocr_line' id='line_1_29' title="bbox 249 3758 1231 3861; baseline 0.006 -25"><span class='ocrx_word' id='word_1_197' title='bbox 249 3785 351 3854; x_wconf 78' lang='lat' dir='ltr'>cerer,</span> <span class='ocrx_word' id='word_1_198' title='bbox 378 3758 434 3834; x_wconf 89' lang='lat' dir='ltr'>sed</span> <span class='ocrx_word' id='word_1_199' title='bbox 453 3758 631 3859; x_wconf 82' lang='lat' dir='ltr'>ingenium</span> <span class='ocrx_word' id='word_1_200' title='bbox 652 3787 692 3838; x_wconf 82' lang='lat' dir='ltr'>ae</span> <span class='ocrx_word' id='word_1_201' title='bbox 717 3762 805 3839; x_wconf 88' lang='lat' dir='ltr'>vires</span> <span class='ocrx_word' id='word_1_202' title='bbox 822 3761 975 3841; x_wconf 82' lang='lat' dir='ltr'>defuiffe.</span> <span class='ocrx_word' id='word_1_203' title='bbox 1025 3759 1123 3861; x_wconf 77' lang='lat' dir='ltr'>Qrid</span> <span class='ocrx_word' id='word_1_204' title='bbox 1138 3764 1155 3839; x_wconf 78' lang='lat' dir='ltr'>l</span> <span class='ocrx_word' id='word_1_205' title='bbox 1182 3787 1231 3843; x_wconf 76' lang='lat' dir='ltr'>ex</span> 
     </span>
    </p>
   </div>
   <div class='ocr_carea' id='block_1_5' title="bbox 0 0 1380 4710">
    <p class='ocr_par' dir='ltr' id='par_1_6' title="bbox 0 0 1380 4710">
     <span class='ocr_line' id='line_1_30' title="bbox 0 0 1380 4710; baseline 0 1"><span class='ocrx_word' id='word_1_206' title='bbox 0 0 1380 4710; x_wconf 95' lang='lat' dir='ltr'> </span> 
     </span>
    </p>
   </div>
  </div>
 </body>
</html>
