2806 4694
175 298 180 313 ’
260 333 305 431 58
467 326 1051 407 oconmurami

253 489 420 607 Princini
452 508 643 584 firmissima
664 508 920 609 Transpadana
946 508 1097 610 regionis
1122 509 1240 583 muni·
1282 531 1287 539 ·

253 628 636 727 cipia,'Mediolanum,
660 658 700 738 ac
718 633 927 723 Novariam,
956 637 988 706 δι
1010 632 1237 730 Eporediam,

147 795 149 798 <
252 775 295 823 ac
324 753 513 845 Vercellas,
543 752 745 852 adjunxdre.
808 755 850 828 Id
880 752 1030 826 Caecinae
1058 776 1121 850 per
1149 752 1239 850 ipsos

251 892 484 970 compertum.
547 876 594 946 Et
629 875 712 972 quia
740 873 898 972 praefidio
923 875 987 946 alae
1020 873 1124 947 unius
1148 872 1237 948 latis·

251 996 335 1066 suna
352 1019 432 1092 pars
456 995 565 1068 Italiae
583 992 722 1069 defendi
746 993 939 1093 nequibat,
956 993 1134 1092 praemiffis
1151 996 1236 1068 Gal·

249 1114 383 1206 lorum,
403 1117 664 1205 Lufitanorum,
684 1115 1000 1212 Britannorumque
1017 1113 1234 1205 cohortibus,

130 1256 146 1333 j
252 1238 290 1307 bt
324 1233 586 1308 Germanorum
607 1234 757 1324 vexillis,
792 1259 875 1307 curn
898 1236 952 1306 alal
983 1235 1134 1324 Petrind,
1167 1233 1238 1332 ipse
1347 1215 1349 1222 ,

196 1341 200 1357 ²
221 1408 224 1411 -
254 1348 452 1455 paullulum
481 1357 673 1445 cunctatus,
702 1380 789 1427 num
808 1352 954 1428 Raeticis
965 1350 1062 1453 jugis
1078 1355 1113 1427 in
1130 1354 1237 1427 Nori·

250 1503 335 1550 cum
352 1479 532 1567 dederet,
550 1476 715 1551 adversos
732 1474 937 1549 Petronium
964 1475 1015 1547 ibi
1037 1495 1236 1573 procurato·

248 1623 338 1689 rern,
357 1596 418 1695 qui
436 1595 579 1672 concitis
602 1596 753 1687 auxiliis,
782 1602 815 1669 ἃ
833 1596 1034 1693 interruptis
1048 1596 1236 1670 fluminum

248 1717 430 1816 pontibus,
460 1719 552 1795 fidus
567 1718 703 1792 Othoni
720 1720 918 1816 putabatur.
967 1718 1036 1790 Sed
1054 1738 1164 1828 metu,
1191 1741 1236 1790 ne
1285 1702 1290 1723 ⁸

248 1838 421 1912 amitteret
434 1839 621 1937 praemissas·
629 1838 705 1937 jam
725 1841 883 1913 cohortes
900 1839 1052 1936 alasque,
1067 1839 1166 1912 snnul
1183 1842 1233 1909 r'e·

248 1977 375 2056 putans
404 1963 483 2057 plus
506 1961 625 2058 gloriae
654 1963 785 2034 retentb
808 1959 920 2050 ltalia,
955 1963 989 2031 ὃς
1020 1959 1236 2056 ubicumque

248 2098 419 2154 certatum
436 2079 538 2171 soret,
564 2081 714 2156 Noricos
731 2082 768 2154 in
780 2100 896 2154 cetera
911 2079 1063 2153 victoriae
1083 2072 1236 2176 'praemia

246 2202 412 2294 cessuros,
437 2202 573 2275 Penino
601 2200 848 2301 subfignanum
870 2201 1018 2274 militem
1039 2198 1172 2289 itinere,
1199 2201 1234 2271 dt

248 2347 357 2419 grave
386 2321 572 2422 legionum
599 2349 742 2426 agmen,
769 2323 921 2400 hibernis
947 2323 1063 2397 adhuc
1081 2319 1234 2421 Alpibus

246 2442 415 2539 traduxit.

295 2564 433 2638 LXXI.
459 2567 573 2639 Orno
603 2565 754 2657 interim,
783 2582 902 2639 contra
931 2562 1028 2660 spem
1051 2562 1231 2653 omnium,

131 2676 135 2683 ‘
246 2707 320 2756 non
337 2683 482 2776 deliciis,
512 2711 626 2785 neque
642 2686 770 2759 desidias
795 2682 1006 2782 torpescere:
1034 2683 1149 2757 dilatae
1167 2711 1231 2757 vo-

244 2806 624 2902 luptates,d'iss1mulata
636 2807 787 2897 luxuria,
807 2811 841 2880 ὅτ
859 2807 986 2878 cuneta
1002 2805 1046 2895 ad
1065 2807 1231 2880 decorem

244 2923 384 3021 imperii
410 2933 611 3028 composita.
664 2929 790 3027 quue
817 2928 896 3025 plus
921 2910 1121 2999 formidinis
1149 2928 1231 2999 affe·
1324 2976 1326 2980 -

243 3049 367 3119 rebant
393 3046 482 3122 falsa·
505 3050 661 3142 virtutes,
694 3047 832 3122 &vitia
858 3046 1021 3123 reditura.
1071 3046 1232 3123 Marium

248 3165 401 3259 Celsum,
434 3171 610 3243 consulem
632 3169 866 3268 defignatum‚
896 3194 956 3267 per
980 3165 1129 3266 speciem
1153 3165 1230 3238 vin-

244 3289 417 3379 culorum,
429 3288 567 3365 saevitiae
581 3291 733 3365 militum
751 3289 978 3381 subtractum,
990 3287 1093 3366 acciri
1113 3286 1149 3361 in
1163 3289 1231 3361 Ca·

245 3409 409 3508 pitolium
421 3409 542 3507 jubet:
572 3412 767 3486 clementiae
785 3412 919 3500 titulus,
937 3411 1049 3487 evito
1066 3411 1174 3498 clam,
1197 3413 1231 3484 dt

245 3530 401 3630 partibus
420 3529 543 3619 invis0,
564 3536 756 3628 petebatur.
806 3529 938 3620 Celsus,
958 3529 1151 3603 constanter
1167 3528 1231 3602 ser·

245 3673 333 3728 vatae
352 3678 434 3751 erga
448 3652 603 3724 Galbam
629 3652 711 3751 fidei
740 3651 871 3725 crimen
894 3649 1077 3740 confessus,
1109 3676 1230 3724 exem-

246 3779 347 3883 plum
381 3776 472 3849 ultro
498 3770 694 3872 imputavit.
743 3774 822 3845 Nec
851 3771 964 3861 Otho,
996 3775 1090 3872 quasi
1115 3769 1230 3872 ignos-
