2806 4694
257 328 306 405 26
466 323 1060 400 C.CoauaarrTac1r1

255 501 475 592 conscientia,
504 502 661 601 plerique
687 501 880 578 miraculo:
916 525 995 600 pars
1023 504 1176 594 clamore
1195 506 1236 583 δι,
1276 556 1278 560 2

257 623 395 722 gladiis,
419 650 498 720 pars
522 624 667 715 silentio,
691 611 825 698 animos
847 648 892 697 ex
909 645 1036 698 eventu
1051 621 1233 722 sumpturi.

303 745 474 818 XXVIII.
500 745 742 818 Srnrrouanr
773 744 807 817 in
831 745 946 818 castris
968 748 1094 842 agebat
1121 744 1235 840 Julius

253 863 440 956 Martialis,
455 865 627 939 tribunus.
677 867 725 956 Is,
744 865 987 964 magnitudine
1009 864 1115 943 subiti
1130 861 1233 939 scele-

253 984 312 1074 ris,
337 1011 381 1058 an
401 1005 564 1083 corrupta
580 985 681 1059 Iatibs
697 986 817 1074 castra,
836 1011 877 1058 ac
894 987 1049 1059 sicontra
1063 987 1234 1074 tenderet,

255 1105 403 1180 exitium
434 1127 605 1195 metuens,
633 1105 787 1203 praebuit
810 1104 980 1203 plerisque
1006 1104 1235 1204 suspicionem
1269 1138 1275 1162 ·

256 1224 486 1300 conscientiae.
537 1224 778 1324 Anteposuere
802 1225 906 1298 ceteri
923 1250 1064 1326 quoque
1088 1224 1234 1314 tribuni,

157 1374 159 1379 ’
257 1345 560 1444 centurionesque,
602 1345 779 1444 praesentia
819 1344 949 1434 dubiis,
992 1350 1028 1418 bc
1070 1345 1236 1421 honestis.

255 1467 358 1566 Isque
370 1466 507 1541 habitus
523 1466 719 1539 animorum
737 1465 816 1557 suit,
842 1487 881 1539 ut
900 1469 1081 1563 pessimum
1104 1464 1247 1539 facinus·

255 1589 419 1662 auderent
442 1567 569 1685 pauci,
597 1588 710 1684 plures
733 1587 875 1677 vellent,
912 1612 1033 1667 omnes
1075 1607 1232 1683 pateren-

256 1729 325 1785 tur.

306 1831 446 1902 XXIX.
470 1831 646 1902 Iouanus
671 1828 810 1903 interim
836 1831 963 1918 Galba,
991 1834 1024 1902 bt
1052 1826 1152 1902 sacris
1183 1827 1234 1899 in·

177 1994 182 2002 ·
256 1967 385 2035 tentus,
421 1947 589 2044 fatigabat
616 1948 718 2032 alieni
744 1945 820 2044 jam
853 1949 990 2047 imperii
1018 1950 1126 2026 deos:
1153 1951 1236 2022 ciam

248 2066 397 2151 affertur
424 2092 544 2140 rumor
571 2068 690 2165 “rapi
718 2067 753 2141 in
781 2068 904 2159 castra,
935 2070 1105 2147 incertum
1127 2092 1237 2166 quem
1348 2140 1351 2146 .

151 2267 154 2273 ,
257 2194 287 2234 “
304 2185 493 2261 senatorem
510 2189 546 2259 :”
566 2213 666 2279 mox,
698 2196 725 2232 “
744 2191 924 2270 Othonem
953 2192 1032 2278 else,
1062 2188 1122 2286 qui
1139 2213 1236 2284 rape-

119 2316 122 2324 '
258 2316 287 2352 “
306 2309 435 2381 retur.''
484 2307 594 2382 Simul
610 2333 654 2382 ex
671 2313 745 2389 tota
758 2312 872 2401 Urbe,
895 2331 934 2384 ut
952 2309 1097 2408 quisque
1112 2309 1238 2382 obvius

257 2429 380 2520 suerat,
407 2429 464 2503 alii
491 2427 714 2505 formidinem
736 2451 913 2529 augentes,
937 2429 1082 2527 quidam
1100 2428 1238 2505 minora

257 2576 355 2640 vero,
379 2576 423 2623 ne
451 2571 527 2623 tum
554 2549 697 2647 quidem
730 2550 830 2623 obliti
857 2547 1074 2661 adulationis.
1124 2547 1238 2646 Igitur

257 2669 526 2744 consultantibus
544 2670 687 2767 placuit,
706 2676 733 2714 “
752 2668 873 2745 tentari
895 2668 1054 2742 animum
1071 2667 1238 2758 cohortis,

259 2797 287 2834 “
305 2816 383 2887 quae
401 2791 437 2863 in
459 2789 586 2888 palatio
601 2789 784 2865 stationem
801 2791 949 2887 agebam
969 2814 1033 2862 nec
1052 2813 1111 2886 per
1127 2787 1239 2885 ipsum

258 2918 287 2956 “
305 2913 470 3001 Galbam,
484 2911 580 3009 cujus
590 2913 725 3009 integra
736 2910 919 2988 austeritas
934 2907 1118 3006 majoribus
1129 2934 1239 2982 reme.

259 3039 288 3078 “
306 3030 372 3104 diis
388 3029 620 3108 servabatur.”
669 3029 747 3106 Piso
764 3057 827 3129 pro
849 3031 1012 3129 gradibus
1030 3030 1158 3102 dombs
1174 3055 1237 3103 vo·

258 3171 366 3241 catos,
377 3151 412 3226 in
427 3152 521 3230 hunc
539 3151 688 3225 modum
700 3152 883 3229 adlocutus
901 3150 963 3224 est:
986 3158 1012 3195 ‘⁶
1025 3152 1151 3229 Sextus
1164 3149 1240 3222 dies

259 3277 289 3315 “
306 3271 717 3369 agitur,·commilitones,
735 3297 780 3352 ex
803 3297 889 3370 quo,
910 3275 1048 3370 ignarus
1062 3269 1185 3360 futuri,
1206 3273 1239 3346 ὅτ
1289 3357 1301 3381 .

177 3384 183 3409 ’
261 3397 290 3435 “
309 3393 377 3463 sure
394 3392 588 3489 optandum
605 3392 673 3462 hoc
686 3415 830 3480 nomen,
857 3395 925 3464 five
938 3391 1137 3464 timendum
1146 3411 1240 3490 ierat,
1352 3371 1363 3377 ²

259 3519 288 3558 “
305 3511 416 3586 Caesar
448 3506 594 3581 adscitus
623 3507 723 3581 sum:
759 3537 833 3608 quo
861 3512 990 3583 dumbs
1015 3511 1150 3599 nostrae,
1181 3531 1240 3589 aut

261 3642 289 3680 “
307 3629 505 3730 reipublicae
523 3624 608 3716 sato,
622 3627 657 3700 in
668 3627 777 3703 vestrl
790 3656 894 3703 manu
910 3634 1057 3726 postrrm
1074 3633 1147 3704 est:
1167 3655 1240 3709 non
1325 3681 1329 3692 .

262 3763 290 3800 “
308 3742 402 3855 quia,
438 3768 517 3824 men
545 3746 701 3838 nomine,
729 3748 909 3832 tristiorem
934 3749 1048 3831 casum
1075 3775 1236 3854 paveam,
