2820 4694
323 326 727 406 Hrsronranuni
760 329 870 400 Lis.
899 314 961 400 IV.
1052 281 1126 423 ‘241

154 502 245 578 vitiis
256 500 378 591 fratris,
391 502 429 576 in
442 503 635 601 principatu
651 502 724 599 ejus
739 501 960 600 vigilantior3
986 522 1049 574 nec
1067 525 1127 599 pe·

153 622 251 695 rinde
270 618 438 719 prosperis
454 622 577 713 socius,
596 624 704 720 quam
721 623 867 720 adversis
883 621 1078 695 abstrailus.

156 778 158 781 ·
199 743 264 814 Ill.
288 744 430 816 lisosnr
447 742 570 822 diebus
586 741 746 816 Lucilius
763 744 893 830 Bassus,
919 767 1124 838 cumexpe·

152 863 226 936 dito
246 861 373 959 equite,
396 863 441 935 ad
467 861 749 958 componendam
765 862 995 959 Campaniam
1020 861 1125 935 mitti·

151 1003 207 1057 tur
221 1012 230 1054 ε
249 972 464 1061 discordibus
478 981 746 1077 municipiorum
763 981 902 1071 animis,
916 980 1028 1078 magis
1040 980 1128 1053 inter

151 1104 291 1195 semet,
318 1103 427 1200 quam
465 1100 690 1203 contumacia
718 1101 880 1175 adversus
916 1101 1126 1197 Principem.

153 1223 234 1297 Viso
259 1223 382 1312 milite,
410 1220 516 1317 quies.
568 1222 613 1292 Et
630 1220 821 1293 minoribus
842 1220 985 1294 coloniis
1010 1221 1126 1316 impu-

153 1344 266 1416 nitas:
298 1341 444 1437 Capuae,
475 1340 567 1436 legio
595 1339 693 1412 tertia
714 1339 889 1414 hiemandi
908 1343 1007 1413 causi
1033 1340 1126 1412 locaae

152 1484 223 1551 tur,
242 1466 276 1534 δι
301 1461 427 1533 domus
439 1459 597 1533 ¹inlustres
610 1460 776 1544 adflierae3
795 1460 1017 1532 cumcontra
1039 1460 1128 1530 Tar-

154 1580 339 1655 racinenses
365 1581 457 1652 nulli
484 1605 553 1676 ope
574 1575 789 1675 juvarentur.
854 1579 971 1652 Tanto
998 1578 1125 1676 procli.

154 1701 231 1774 vius
248 1700 296 1774 est
314 1697 459 1796 injuriae,
479 1698 587 1794 quirin
611 1698 781 1772 beneficio
799 1694 915 1771 vicem
931 1698 1125 1774 exsolvere:
1206 1771 1209 1780 ,

153 1821 236 1919 quia
246 1820 355 1918 gratia
370 1819 479 1908 oneri,
497 1818 585 1891 ultio
602 1818 639 1890 in
656 1818 786 1915 quaestu
799 1821 954 1893 habetur.
993 1818 1130 1892 Solatio

152 1942 219 2016 suit
244 1941 359 2014 servus
380 1938 535 2036 Verginii
560 1925 753 2035 Capitonis,
779 1963 883 2036 quem
913 1938 1130 2036 proditorem

151 2060 448 2135 Tarracinensium
460 2058 628 2146 diximus,
644 2058 797 2154 patibulo
809 2061 930 2132 affixus
935 2114 946 2148 ,
960 2059 996 2131 in
1006 2058 1130 2132 'iisdem

151 2183 277 2272 anulis,
296 2206 383 2278 quos
399 2198 561 2275 acceptos
577 2204 598 2251 a
614 2178 752 2253 Vitellio
770 2178 936 2276 gestabat.
966 2214 969 2218 ·
986 2184 1037 2253 At
1054 2183 1130 2252 Ro·

152 2329 218 2377 mae
240 2301 373 2374 senatus
402 2296 778 2395 cunila-,Principibus
801 2297 898 2372 solita
927 2297 1129 2396 Vespasiano

45 2492 47 2494 ,
152 2422 320 2509 decernit,
350 2421 448 2491 laetus
467 2423 499 2491 ὃ(
517 2416 586 2514 spei
604 2439 733 2491 certus:
762 2418 893 2515 quippe
917 2416 1054 2515 sumpta
1070 2443 1130 2514 per

77 2547 79 2549 ’
153 2541 282 2616 Gallias
299 2536 550 2635 Hispaniasque
559 2537 677 2611 ,civilia
690 2564 796 2628 arma,
811 2537 913 2614 motis
934 2538 980 2611 ad
997 2539 1128 2612 bellum

155 2658 357 2746 Germanis,
371 2683 456 2730 mox
470 2657 621 2752 lllyrico,
640 2658 823 2756 postquam
834 2659 1048 2756 AEgyptum,
1066 2660 1129 2752 Ju-

154 2782 282 2867 daeam,
300 2777 515 2873 Syriamque,
536 2782 568 2851 δι
586 2802 713 2874 ηοηῑηεε
736 2778 929 2875 provincias
947 2777 1130 2853 exercitiis·

88 2933 98 2944 ·
153 2924 223 2998 que
239 2896 478 2983 lustraverant,
496 2896 592 2969 velut
609 2896 748 2992 expiato
764 2918 934 2971 terrarum
950 2900 1048 2986 orbe,
1071 2921 1126 2969 ce·

154 3019 237 3117 pisse
278 3017 386 3088 finem
421 3011 643 3093 videbantur.
705 3016 885 3090 Addidire
914 3016 1126 3090 alacritatem

152 3134 347 3234 Vespasiani
375 3133 493 3224 literae,
524 3155 702 3233 tamquam
725 3124 887 3210 manente
906 3138 999 3211 bello
1023 3119 1129 3235 scrip-

153 3279 217 3331 tae:
245 3281 298 3345 ea,
318 3254 430 3352 primi
449 3252 573 3351 specie,
591 3255 720 3331 forma:
741 3258 894 3330 ceteriim
912 3278 949 3328 ut
962 3257 1127 3353 Princeps

152 3379 374 3475 loquebatur,
406 3375 521 3450 civilia
540 3377 584 3481 de
612 3375 657 3465 se,
690 3375 945 3472 &reipublicae
975 3377 1136 3474 egregia:

152 3523 216 3571 nec
237 3497 371 3572 senatus
395 3495 599 3594 obsequium
623 3497 749 3568 deerat.
799 3497 866 3591 Ipsi
885 3501 912 3538 “
935 3496 1130 3571 consulatus

154 3625 182 3672 -“
202 3642 283 3689 cum
298 3617 382 3689 Tito
400 3615 486 3705 filio,
505 3638 650 3712 praeiura
673 3614 876 3690 Domitiano
900 3620 933 3690 δι
957 3616 1131 3693 consulare

153 3744 182 3791 “
199 3734 410 3834 imperium”
426 3737 670 3811 decernuntur.
