2820 4694
336 367 733 440 Hrsronrnnuu
759 364 868 435 Lrn.
894 365 955 435 IV.
1055 387 1123 462 275
1170 466 1172 470 ‚

147 528 299 628 jedaret.
351 539 379 574 ‘⁴
393 531 627 620 Hoc'certd,’'
643 531 771 627 inquit,
798 536 825 572 “
843 533 939 604 Nero
957 555 1027 601 non
1045 536 1124 603 co'e'·

155 657 182 692 “
201 649 266 747 git,
288 675 350 724 nec
371 650 594 750 dignitatem,
613 672 671 724 aut
689 649 831 723 salutem
850 652 905 723 illa
922 649 1047 734 saevitial
1072 675 1124 722 re·

154 776 181 813 “
198 770 346 843 demisti.
395 771 482 844 Sane
510 773 697 844 toleremus
726 771 870 845 istorum
901 770 1125 859 defensiones,

152 891 260 988 “qui
287 892 428 988 perdere
452 890 549 980 alios,
577 892 683 989 quim
711 890 891 989 periclitari
911 890 970 988 ipfi
996 893 1129 964 malue-

154 1017 182 1053 “
202 1031 291 1083 runt.
340 1011 396 1092 Te
412 1008 569 1084 securum
587 1011 766 1109 reliquerat
782 1009 878 1083 exsul
896 999 1005 1106 pater,
1024 1015 1057 1084 δι
1074 1010 1129 1082 di-

155 1136 182 1173 “
201 1130 271 1203 visa
289 1130 375 1203 inter
391 1132 573 1204 creditores
590 1134 694 1220 bona,
711 1132 868 1204 nondum
881 1133 1054 1203 honorum
1071 1156 1129 1204 ca·

154 1257 181 1294 “
200 1277 270 1348 pax
288 1271 392 1324 aetas:
415 1248 501 1323 nihil
518 1252 614 1348 quod
631 1276 675 1323 ex
692 1272 726 1323 te
742 1250 997 1348 concupisceret
1016 1254 1127 1340 Nem,

156 1379 184 1415 “
204 1370 581 1468 nihilquod-timeret:
606 1370 748 1444 libidine
765 1370 952 1468 sanguinis,
973 1376 1017 1445 δι’
1031 1371 1128 1445 hiatu

156 1498 184 1534 “
203 1490 440 1588 premiorum,
466 1490 625 1589 ignotum
642 1491 757 1564 adhuc
775 1489 968 1588 ingenium,
992 1496 1025 1565 δι
1050 1494 1129 1565 ῃυΙὲ

156 1618 185 1655 “
203 1611 242 1683 lis
259 1607 512 1686 desenfionibus
538 1631 734 1707 expertum,
760 1612 855 1684 caede
880 1612 986 1685 nobili
1012 1612 1126 1685 imbu-

155 1739 183 1774 “
201 1731 280 1805 isti:
311 1732 393 1804 clim
410 1756 454 1803 ex
472 1730 592 1803 sunere
609 1731 821 1827 reipublice,
852 1732 958 1828 raptis
974 1732 1127 1806 consula·
1178 1736 1181 1747 ’

156 1859 184 1896 “
202 1852 297 1924 ribus
314 1850 440 1948 spoliis,
458 1851 648 1948 septuagies
666 1850 813 1924 sestertio
827 1851 1010 1952 saginatus,
1030 1858 1063 1927 ὃ(
1080 1852 1130 1926 sa·

154 1979 182 2016 “
200 1971 357 2045 cerdotio
380 1970 530 2070 fulgens,
561 1971 722 2044 innoxios
741 1997 877 2069 pueros,
901 1974 1058 2048 inlustres
1079 1973 1128 2047 se·

154 2099 183 2137 “
201 2118 273 2182 nes,
310 2091 510 2189 conspicuas
542 2091 689 2165 seminas
716 2094 837 2165 eidem
866 2094 963 2165 ruinal
983 2095 1128 2191 proster-

154 2222 181 2256 “
199 2238 313 2286 neres:
345 2214 428 2286 cum
453 2212 636 2310 segnitiam
654 2212 804 2285 Neronis
827 2212 1007 2299 incusares,
1033 2214 1130 2310 quod

154 2320 181 2375 *ί
201 2356 260 2430 per
289 2332 437 2429 singulas
465 2333 605 2421 domos,
635 2331 738 2431 seque
760 2333 983 2405 &delatores
1006 2331 1130 2431 fatiga-

155 2459 184 2495 “
204 2472 277 2525 ret:
300 2453 405 2548 ¹posse
434 2451 631 2526 universum
665 2452 816 2527 senatum
846 2455 914 2525 unrl
938 2479 1025 2526 voce
1050 2453 1130 2529 sub·

156 2579 184 2614 “
201 2571 298 2644 verti.
349 2570 526 2671 Retinere,
553 2593 662 2671 patres
683 2573 878 2671 conscripti,
909 2577 942 2645 ὅτ
968 2573 1133 2649 reservate

157 2699 185 2733 “
204 2689 382 2764 hominem
410 2712 483 2765 tam
508 2693 663 2790 expediti
688 2694 832 2784 consilii,
858 2714 896 2768 ut
921 2695 1034 2768 omnis
1051 2715 1133 2769 aetas

157 2818 183 2853 “
202 2809 366 2883 instrusia
389 2815 450 2897 sit;
490 2817 538 2902 u,
574 2815 754 2910 quomodo
777 2814 870 2888 senes
900 2815 1004 2888 nostri
1034 2819 1131 2888 Mar·

157 2940 185 2976 “
205 2932 349 3020 cellum,
379 2929 553 3028 Crispum,
569 2930 714 3031 juvenes
739 2938 919 3033 Regulum
944 2936 1131 3029 imitentur.

157 3049 342 3129 “invenit
365 3050 469 3124 etiam
488 3053 632 3128 aemulos
654 3053 775 3127 infelix
799 3056 978 3154 nequitia:
1006 3058 1132 3155 quidsi

158 3175 325 3247 “floreat
353 3171 567 3270 vigeatque?
633 3155 678 3247 Et
705 3200 812 3273 quern
839 3177 954 3249 adhuc
987 3179 1133 3274 quaesto-

156 3301 184 3338 “
201 3293 294 3366 rium
309 3293 483 3366 offendere
500 3318 570 3365 non
583 3295 762 3383 audemus,
779 3286 977 3391 praetorium
995 3302 1028 3370 δι
1047 3327 1133 3374 con·

157 3421 184 3503 ‘f
202 3413 347 3508 solarem
378 3412 478 3486 visuri
506 3411 648 3487 sumus?
713 3419 773 3487 An
800 3416 992 3505 Neronem,
1022 3441 1134 3495 extre-

158 3539 186 3576 “
206 3560 305 3607 mum
323 3534 548 3608 dominorum
577 3533 729 3632 putatis?
781 3536 880 3608 Idem
905 3537 1134 3631 crediderant,

158 3659 186 3696 “
205 3653 265 3750 qui
286 3655 444 3745 Tiberio,
468 3656 528 3754 qui
545 3651 634 3729 Caio
660 3654 851 3752 superstites
867 3653 1020 3763 fuerunt:
1050 3663 1133 3733 edm

158 3777 187 3819 “
206 3770 342 3850 interim
358 3774 592 3868 intestabilior,
610 3782 645 3851 δι
662 3774 783 3852 saevior
800 3779 1009 3854 exortusest.
1049 3779 1135 3853 Non

626 3897 708 3973 Ta
