2752 4710
219 321 265 420 38
455 317 499 394 C.
530 316 808 443 (ἶοιυιιιιιι
830 266 1027 449 Tactrt

217 498 428 601 eloquentiae
452 500 606 576 studium
631 499 833 591 inclinasset,
862 498 900 573 id
927 497 1040 575 solum
1065 513 1204 601 ageret,
1230 483 1235 498 Χ

219 620 258 696 id
275 622 471 697 universum
487 623 644 696 hauriret.

269 745 409 818 XXIX.
435 750 495 817 Ar
523 766 618 815 nunc
641 759 741 814 natus
762 737 872 814 infans
895 740 1080 841 delegatur
1100 745 1203 818 Grae·

217 865 306 937 culae
320 863 423 937 alicui
445 862 597 954 ancillae,
623 861 679 935 cui
697 854 897 960 adjungitur
913 887 1003 937 unus
1026 882 1089 937 aut
1113 866 1207 938 alter

217 1008 261 1059 ex
277 978 442 1058 omnibus
458 985 579 1074 servis,
602 983 809 1081 plerumque
830 981 1019 1075 vilissimus,
1042 1009 1107 1058 nec
1125 983 1206 1057 cuis

220 1131 327 1202 quam
356 1103 443 1178 serio
477 1102 667 1178 ministerio
699 1103 1009 1195 accommodatus„
1055 1105 1207 1177 Horum

217 1222 344 1299 sabulis
361 1225 399 1296 &
427 1224 598 1298 erroribus
624 1223 731 1297 teneri
758 1222 873 1298 statim
906 1227 939 1297 bc
971 1222 1074 1296 rudes
1094 1223 1205 1296 animi

218 1346 439 1430 imbuuntur,
488 1347 569 1418 Nec
595 1343 777 1443 quisquam
805 1343 843 1418 in
874 1344 947 1418 total
976 1345 1086 1418 domo
1109 1348 1206 1443 pensi

164 1512 169 1524 ι
216 1468 338 1556 habet,
374 1463 460 1564 quid
484 1491 604 1539 coram
637 1462 771 1539 infante
803 1465 967 1555 domin0,
1001 1482 1061 1538 aut
1093 1464 1205 1556 dicat,

216 1607 276 1660 aut
307 1583 436 1660 faciat:
466 1587 609 1684 quando
626 1573 732 1660 etiam
754 1585 815 1685 ipsr
845 1568 1000 1685 parentes
1029 1612 1094 1659 nec
1122 1612 1205 1683 pro·

216 1705 331 1797 bitati,
374 1717 489 1806 neque
529 1705 722 1796 modestis,
760 1706 924 1805 parvulos
956 1705 1206 1798 adsuefaciunt,

218 1824 278 1900 sed
296 1824 441 1900 lasciviae
470 1830 503 1901 tr
533 1825 682 1901 libertati
696 1855 708 1913 3
739 1852 802 1925 per
825 1853 906 1926 quae
930 1827 1109 1925 paullatim
1135 1827 1206 1902 im·

218 1948 385 2045 pudentia
397 1947 527 2042 irrepit,
548 1951 582 2018 &
598 1945 649 2019 sul
662 1944 836 2044 alienique
849 1967 1083 2047 contemptus.
1120 1951 1207 2043 Jam

218 2065 304 2140 verb
323 2064 463 2165 propria
479 2066 516 2138 &
534 2063 718 2162 peculiaria
734 2064 834 2164 hujus
853 2067 963 2141 Urbis
992 2065 1076 2141 vitia
1101 2093 1208 2165 paene

219 2187 256 2261 in
273 2208 373 2261 utero
390 2185 506 2261 matris
523 2183 662 2284 concipi
680 2185 767 2259 mihi
790 2185 967 2277 videntur,
992 2186 1204 2263 histrionalis

218 2305 331 2398 favor,
351 2308 636 2408 &gladiatorum
654 2330 895 2405 equorumque
914 2305 1049 2379 studia:
1074 2307 1206 2405 quibus

220 2449 413 2527 occupatus
430 2433 463 2503 bc
478 2426 626 2504 obsessus
639 2427 774 2501 animus
792 2428 999 2525 quantulum
1016 2425 1082 2498 loci
1099 2426 1209 2502 bonis

218 2549 350 2623 artibus
365 2548 556 2648 relinquit?
582 2569 730 2647 quotum
746 2571 926 2646 quemque
941 2545 1123 2635 inveneris,
1142 2551 1206 2644 qui

146 2761 153 2768 ι
219 2667 317 2743 domi
336 2669 532 2768 quidquam
549 2670 642 2743 aliud
659 2671 849 2767 loquatur?
869 2693 957 2768 quos
980 2666 1065 2741 alios
1085 2668 1208 2742 adole·

218 2790 454 2865 scentulorum
475 2790 645 2863 sermones
662 2790 872 2889 excipimus,
898 2788 1083 2887 siquando
1106 2789 1208 2863 audi-

220 2911 308 2985 toria
337 2910 570 3001 intravimus?
602 2912 662 2986 Ne
686 2930 915 3009 praeceptores
949 2910 1094 3009 quidem
1119 2912 1209 2986 ullas

221 3033 409 3106 crebriores
435 3057 519 3105 cum
548 3032 776 3109 auditoribus¹
791 3021 858 3106 suis
889 3028 1024 3104 fabulas
1048 3032 1204 3106 habent:

222 3152 394 3250 colligunt
410 3153 504 3226 enim
517 3151 704 3251 discipulos
717 3179 788 3226 non
807 3151 982 3226 severitate
997 3149 1206 3249 disciplinae,

222 3295 288 3344 nec
319 3272 449 3369 ingenii
479 3273 733 3373 experimento,
761 3273 820 3348 sed
845 3272 1039 3346 ambitione
1056 3271 1205 3346 salutan-

224 3392 328 3476 tium,
360 3392 397 3461 &
431 3392 613 3468 inlecebris
642 3393 857 3491 adulationis.
912 3391 1068 3468 Transeo
1095 3393 1206 3491 prima

220 3509 426 3586 discentium
445 3512 630 3605 elementa,
647 3515 685 3588 in
703 3517 829 3613 quibus
846 3519 880 3589 δι
896 3515 973 3614 ipfis
995 3538 1117 3613 parurn
1133 3511 1207 3586 ela·

224 3638 386 3708 boratur:
413 3633 535 3704 necin
564 3636 764 3728 auetoribus
791 3621 1054 3736 cognoscendis,
1082 3633 1209 3708 necin

221 3754 416 3830 evolvenda
442 3751 661 3850 antiquitate,
693 3755 823 3830 necin
847 3756 970 3831 notitia
991 3758 1049 3832 vel
1077 3781 1210 3845 rerum,
