2820 4694
271 378 338 451 ¹92
451 353 512 424 ·C.
544 352 815 428 Conunatr
848 353 1054 430 Tncrrr

230 561 233 568 ¹
267 522 427 623 praefidsrs
451 526 633 622 occupati;
662 526 811 625 suspedis
832 528 1032 618 Germanis,
1060 545 1242 626 tamquam

265 649 301 719 in
316 645 484 718 auxilium
503 645 634 718 Vitellii
650 648 897 747 accingeretur.
977 739 980 744 Α

306 766 485 839 XXXVI.
512 769 572 838 Ar
597 766 768 858 Vitellius,
798 766 952 866 profesto
974 768 1127 858 Caecinst,
1157 767 1242 842 cum
1296 765 1309 841 ⁸.

263 886 412 984 Fabium
429 887 625 974 Valentem,
652 887 769 983 paucis
785 889 862 984 post
874 890 1011 980 diebus,
1042 890 1087 961 ad
1105 889 1241 962 bellum

260 1005 461 1102 impulisset,
491 1006 578 1079 curis
608 1007 732 1080 luxum
753 985 991 1083 obtendebat:
1026 1035 1097 1083 non
1122 1033 1241 1107 parare
1289 1015 1291 1019 ’

165 1129 176 1140 ‘
262 1150 370 1217 arma,
390 1151 460 1198 non
477 1125 643 1222 adloquio
659 1127 894 1225 exercitioque
917 1129 1063 1204 militem
1080 1132 1215 1204 firmare
1226 1158 1239 1216 ;
1268 1128 1270 1133 ’

261 1271 333 1318 non
350 1244 386 1316 in
403 1270 464 1317 ore
480 1246 578 1343 vulgi
599 1271 721 1344 agere:
753 1245 810 1320 sed
832 1249 1044 1322 umbraculis
1061 1251 1241 1322 hortorum

261 1364 413 1455 abditus,
432 1385 470 1438 ut
488 1364 614 1464 ignava
629 1365 804 1457 animalia,
831 1370 959 1465 quibus
982 1371 1007 1441 st
1025 1368 1143 1442 cibum
1160 1367 1239 1467 sug·

261 1511 373 1584 geras,
396 1484 512 1582 jacent
529 1507 752 1584 torpentque,
774 1487 958 1584 praeterita,
983 1487 1158 1580 instantia,
1184 1487 1240 1562 su-

262 1626 337 1679 tura
366 1607 439 1704 pari
466 1607 643 1681 oblivione
671 1606 854 1682 dimiserat.
902 1615 1027 1706 Atque
1053 1610 1168 1701 illum,
1201 1610 1239 1681 in

260 1752 403 1801 nemore
421 1727 569 1801 Aricino
595 1729 747 1801 desidem
774 1734 808 1803 &
832 1750 1058 1819 marcentem,
1086 1728 1239 1826 proditio

260 1847 392 1921 Lucilii
419 1850 517 1936 Bassr,
547 1874 586 1920 ac
612 1847 760 1921 defedio
787 1850 895 1923 classis
923 1849 1134 1924 Ravennatis
1163 1875 1239 1946 per·

168 1964 195 1994 *
260 1968 357 2041 culit.
399 1970 477 2041 Nec
496 1968 609 2040 multo
628 1967 705 2064 post
723 1969 925 2043 decaecint
942 1972 1081 2043 affertur
1110 1969 1239 2042 mixtus

179 2158 185 2161 .
261 2088 391 2187 gaudio
408 2091 509 2162 dolor
531 2097 557 2131 “
578 2093 610 2161 &
629 2087 816 2178 descivisse,
845 2093 943 2163 &ab
965 2090 1117 2190 exercitu
1142 2089 1239 2162 vinc·

171 2255 178 2262 -
261 2217 290 2252 ‘⁶
309 2233 385 2284 tum
402 2211 439 2282 :’'
467 2213 544 2309 plus
577 2212 673 2307 apud
701 2208 880 2283 socordem
916 2209 1073 2283 animum
1107 2207 1237 2297 laetitia,

260 2331 368 2430 quim
401 2357 484 2405 cura
508 2331 628 2413 valuit.
684 2332 804 2405 Mults
837 2357 919 2404 cum
944 2328 1169 2404 exsultatione
1199 2327 1238 2400 in

259 2455 398 2527 Urbem
424 2451 593 2541 tenedus,
621 2451 790 2549 frequenti
813 2452 993 2540 concione,
1024 2457 1051 2493 “
1078 2449 1238 2546 pietatem

260 2581 289 2618 “
306 2571 484 2647 militum'’
513 2573 674 2647 laudibus
706 2574 872 2645 cumulat.
924 2578 952 2613 “
983 2572 1023 2642 P.
1054 2569 1238 2659 Sabinum,

260 2702 288 2738 “
309 2694 456 2793 praetorii
474 2692 690 2791 praefetlum,
712 2696 760 2769 ob
776 2690 965 2770 amicitiam
980 2689 1143 2779 Caecinae,
1161 2689 1239 2763 vin·
1314 2709 1316 2713 ·

260 2822 286 2857 “
305 2815 387 2890 ciri’
409 2815 525 2916 jubet,
559 2813 741 2889 substituto
771 2812 807 2886 in
836 2815 956 2885 locum
979 2808 1051 2911 ejus
1074 2811 1241 2908 Alpheno

259 2937 363 3012 Varo.
779 3030 781 3039 Ι
1266 2994 1272 3007 .

308 3058 500 3155 XXXVII.
527 3061 626 3132 Mox
650 3056 821 3145 senatum,
858 3055 1049 3150 composrts
1073 3051 1110 3124 in
1138 3077 1237 3156 nnag-
1332 3052 1337 3060 ’

257 3173 472 3248 nificentiam
490 3178 657 3267 oratione,
678 3178 872 3266 adlocutus,
898 3173 1075 3272 exquisitis
1101 3194 1239 3270 patrum

257 3294 512 3373 adulationibus
529 3298 705 3372 attollitur.
756 3294 901 3369 Initium
926 3294 1049 3368 atrocis
1067 3294 1103 3366 in
1127 3293 1236 3367 Caeci-
1350 3340 1353 3350 κ

259 3441 341 3490 nam
369 3415 541 3493 sententia
568 3421 651 3491 aL.
665 3415 809 3489 Vitellio
834 3414 990 3511 fastum:
1021 3414 1102 3488 dein
1119 3413 1237 3503 ceteri,

248 3523 448 3635 ”composrts
467 3536 712 3641 ¹indignatione
740 3544 768 3579 “
785 3535 882 3634 qubd
909 3533 1027 3607 consul
1044 3534 1238 3638 rempubli-

259 3666 286 3704 “
306 3684 398 3748 cam,
426 3657 782 3753 duxlmperatorem,
808 3653 912 3728 tantis
928 3653 1068 3749 opibus,
1093 3673 1145 3726 tot
1171 3657 1235 3726 ho-

261 3790 288 3828 “
307 3778 450 3857 notibus
467 3776 677 3867 cumulatus,
692 3777 860 3867 amicum,
882 3769 1122 3873 prodidiffet,’3
1139 3775 1238 3848 velut
