2844 4704
229 440 234 458 ‚
294 326 299 335 '⁸
360 322 752 412 Hr'slonranun
786 334 897 407 Lrn.
930 336 996 409 111.
1072 342 1140 438 169

168 507 308 583 missus:
336 533 400 606 nec
428 508 496 598 his,
531 524 591 580 aut
615 503 695 596 illis,
722 503 888 604 proelium
917 505 1138 598 tentantibus,

166 628 306 703 fortuna
322 627 471 726 partium
485 627 568 700 alibi
586 625 762 700 transada.

215 751 277 822 Vl.
304 755 509 837 Anrotrro,
529 746 723 821 vexillarios
747 772 766 819 e
782 747 996 837 cohortibus,
1015 751 1048 820 ὅτ
1064 772 1141 844 par-

166 887 239 943 tem
272 870 431 968 equitum
459 868 505 942 ad
539 859 771 945 invadendam
809 868 946 946 Italiam
986 866 1141 965 rapienti,

167 1014 284 1063 comes
310 989 376 1063 fuit
400 989 523 1067 Arrius
551 991 677 1077 Varus,
708 987 865 1062 strenuus
886 989 1004 1073 bello;
1035 1012 1142 1084 quam
1226 1045 1231 1052 .

167 1109 315 1206 gloriam
333 1114 366 1184 δι
382 1111 456 1183 dux
473 1111 643 1198 Corbulo,
671 1114 704 1182 &
727 1106 894 1206 prosperae
915 1107 950 1181 in
973 1107 1142 1211 Armenia

165 1253 217 1303 res
234 1231 450 1304 addiderant.
498 1231 612 1318 Idem,
644 1235 670 1271 “
690 1227 825 1301 secretis
840 1228 937 1325 apud
960 1229 1142 1300 Neronem

166 1356 196 1392 “
215 1347 469 1439 sermonibus,''
507 1352 679 1423 ferebatur
707 1356 735 1391 “
762 1346 974 1422 Corbulonis
1000 1341 1142 1421 virtutes

167 1475 197 1512 “
215 1469 452 1543 criminatus.''
486 1471 594 1544 Unde
607 1467 727 1542 infami
741 1467 847 1566 gratia
865 1466 1018 1565 primurn
1031 1466 1143 1564 pilum

165 1590 309 1685 adept0,
335 1591 415 1662 laeta
437 1591 481 1664 ad
500 1588 644 1687 praesens
662 1589 752 1662 male
770 1608 877 1686 parta,
903 1613 990 1660 mox
1002 1587 1038 1660 in
1066 1614 1142 1685 per·

166 1708 296 1784 niciem
313 1714 457 1784 vertere.
505 1711 574 1784 Sed
595 1710 734 1784 Primus
757 1736 797 1783 ac
821 1712 947 1798 Varus,
975 1712 1143 1806 occupati

168 1830 346 1927 Aquileia,
365 1832 400 1904 in
419 1831 578 1929 proxima
588 1856 748 1929 quaque,
774 1835 807 1902 δε
824 1828 997 1926 Opitergii
1016 1834 1050 1902 &
1077 1833 1142 1903 Al·

164 1950 229 2022 tini
247 1951 339 2024 laetis‘
349 1952 472 2026 animis
492 1951 731 2049 accipiuntur:
759 1950 916 2022 relietum
930 1948 1040 2038 Altini
1056 1976 1143 2048 prae·

165 2070 301 2161 fidium,
338 2073 498 2145 adversus
524 2073 662 2145 claffem
690 2075 947 2161 Ravennatem,
982 2073 1142 2147 nondum

163 2189 357 2270 defedione
381 2191 452 2290 ejus
473 2192 616 2266 auditi:
645 2192 726 2266 inde
747 2192 931 2266 Patavium
958 2196 992 2264 δι
1022 2193 1143 2268 Ateste

164 2313 316 2409 partibus
341 2312 556 2412 adjunxere:
584 2311 655 2387 illic
672 2312 870 2411 cognitum,
899 2318 1010 2384 “tres
1032 2313 1141 2386 Vitel-

164 2439 192 2474 “
209 2431 315 2507 lianas
339 2435 515 2523 cohortes,
542 2438 576 2506 ὃς
606 2435 709 2522 alam,
738 2433 795 2507 cui
819 2429 1050 2507 Scribonianae
1076 2458 1141 2504 no·

164 2558 192 2595 “
210 2580 305 2645 men,
330 2556 375 2628 ad
401 2557 533 2628 Forum
558 2553 703 2644 Allieni,
730 2573 835 2651 ponte
858 2550 1139 2659 jun&0,·conse·

165 2680 193 2716 “
210 2674 329 2746 diffe.”
378 2676 511 2751 Placuit
539 2678 673 2750 occafio
709 2674 895 2749 invadendi
928 2672 1139 2761 incuri0s0s3

109 2892 114 2898 .
165 2817 248 2868 nam
261 2792 299 2868 id
314 2818 455 2892 quoque
473 2796 718 2871 nuntiabatur:
745 2798 823 2869 luce
840 2794 966 2893 prima,
991 2794 1143 2869 inermos

166 2913 347 3012 plerosque
373 2913 579 3013 oppressere.
628 2916 853 3008 Praedictum,
882 2923 909 2957 ‘⁴
937 2933 992 3004 ut,
1026 2913 1143 3012 paucis

167 3043 195 3078 “
214 3033 413 3124 intersertis,
440 3054 571 3108 ceteros
593 3062 723 3133 pavore
739 3038 783 3112 ad
806 3022 1011 3110 mutandam
1034 3036 1142 3109 fidem

166 3161 196 3197 “
215 3176 379 3252 cogerent
395 3157 430 3226 :''
460 3160 493 3228 ἃ
522 3154 629 3245 fuere,
661 3157 722 3255 qui
751 3155 783 3230 se
809 3156 921 3230 statim
950 3157 1139 3230 dederent:

165 3275 294 3371 plnres,
323 3277 476 3372 abrupto
487 3296 609 3375 ponte,
639 3276 776 3356 instanti
803 3277 890 3362 hosti
905 3275 1001 3350 viam
1025 3275 1147 3354 austu-³

164 3395 291 3469 lerunt.
1061 3458 1064 3463 .

210 3515 290 3587 Vll.
304 3516 514 3612 ‚Vononen
531 3516 691 3607 vidorirl,
710 3515 787 3613 post
809 3513 976 3614 principia
993 3517 1074 3590 belli
1092 3517 1141 3591 se·

161 3634 317 3711 cundiam
339 3636 539 3727 Flavianos,
567 3638 648 3710 duae
663 3636 832 3735 legiones,
858 3634 1004 3746 septima
1019 3638 1141 3709 Galbi·
1163 3673 1165 3677 >

161 3779 240 3847 tna,
257 3755 493 3843 tertiadecima
506 3756 672 3850 Gemina,
699 3782 781 3832 cum
798 3757 911 3835 Vedio
928 3755 1073 3855 Aquila,
1090 3756 1140 3829 le·
