2820 4694
254 365 325 419 220
457 341 496 414 C.
529 341 799 416 Conueart
834 343 1040 418 Tncrrr

253 517 363 587 Erant
385 511 573 610 antiquitus
602 513 760 616 porticus
775 514 810 586 in
839 516 943 588 latere
969 508 1065 599 clivi,
1094 510 1226 585 dextrae

251 630 495 705 subeuntibus:
515 633 550 705 in
568 660 714 731 quarum
732 638 863 709 testum
882 636 1015 731 egressi,
1030 630 1117 704 saxis
1129 650 1228 728 tegu-

251 749 357 847 lisque
382 749 579 826 Vitellianos
604 757 808 828 obruebant.
857 757 986 852 Neque
1007 752 1073 824 illis
1091 775 1227 838 manus,

250 870 312 943 nisi
325 871 446 969 gladiis
462 892 619 957 armatae3
640 877 672 944 δι
691 877 854 948 arcessere
870 893 1054 961 tormenta,
1072 892 1130 944 aut
1148 868 1226 943 mis-⁴

249 990 320 1064 stlia
334 992 414 1078 teia,
434 992 580 1089 longum
599 993 793 1066 videbatur.
844 997 950 1067 Faces
973 994 1008 1066 in
1027 992 1240 1090 prominen-¹

247 1131 320 1184 tem
339 1111 510 1206 porticum
522 1110 657 1209 jecere:
685 1112 960 1210 &sequebantur
984 1113 1124 1212 ignem:
1152 1137 1226 1186 am-

247 1229 428 1327 bustasque
451 1226 614 1330 Capitolii
642 1231 730 1305 sores
760 1235 1000 1328 penetrassent,
1025 1233 1060 1305 ni
1083 1233 1228 1307 Sabinus

246 1349 394 1425 revulsas
411 1350 567 1448 undique
590 1350 727 1441 statuas,
746 1353 874 1426 decora
890 1350 1077 1450 majorum,
1104 1351 1137 1423 in
1158 1350 1229 1449 ipso

162 1552 164 1556 q
248 1470 359 1559 aditu,
383 1470 458 1543 vice
483 1470 587 1559 muri,
610 1470 795 1570 objecisset.
844 1475 941 1547 Tum
958 1471 1110 1547 diversos
1126 1470 1231 1568 Capi-

248 1590 324 1663 tolii
351 1589 463 1663 aditus
490 1590 675 1690 invadunt,
696 1591 800 1705 juxta
827 1594 944 1670 lucum
973 1593 1069 1689 asyli,
1101 1597 1134 1664 δι
1160 1593 1230 1690 qud

248 1710 401 1806 Tarpeia
429 1737 529 1809 rupes
558 1733 700 1787 centurn
730 1715 893 1811 gradibus
917 1714 1040 1786 aditur.
1090 1715 1228 1808 lmpro·

249 1830 322 1904 visa
342 1850 487 1928 utraque
503 1833 578 1918 vis:
603 1834 744 1934 propior
759 1856 863 1932 atque
884 1836 994 1911 acrior
1020 1860 1081 1932 per
1097 1833 1229 1929 asylum
1336 1875 1338 1882 ·

249 1952 451 2051 ingruebat:
482 1978 546 2025 nec
565 1945 631 2026 fisti
651 1975 824 2051 poterant,
846 1955 1047 2029 scandentes
1066 1980 1126 2052 per
1144 1979 1228 2028 con-

170 2097 172 2102 ‘
243 2071 365 2170 juncta
390 2072 558 2145 aedisicia:
585 2100 677 2172 quae,
701 2096 740 2147 ut
757 2076 792 2148 in
809 2078 918 2148 mults
936 2101 1035 2172 pace,
1062 2075 1099 2146 in
1116 2077 1227 2147 altum

249 2192 354 2291 edita,
373 2191 483 2266 solum
502 2194 666 2291 Capitolii
683 2199 878 2292 aequabant.
928 2196 1005 2269 Hic
1021 2193 1229 2292 ambigitur,
1282 2237 1284 2244 ι

251 2322 278 2358 “
298 2315 417 2413 ignem
445 2315 544 2388 testis
572 2336 831 2413 oppugnatores
859 2314 1050 2413 injecerint,
1085 2340 1129 2388 an
1163 2316 1228 2386 ob-

251 2443 278 2479 “
297 2436 407 2525 sessr,''
431 2462 511 2532 quae
529 2435 681 2508 crebrior
697 2434 789 2532 fama
806 2437 869 2526 est,
896 2443 923 2478 “
942 2435 1013 2534 quo
1030 2435 1172 2508 nitentes
1188 2461 1229 2508 ac

250 2564 278 2601 “
295 2559 489 2654 progressos
517 2558 769 2653 depellerent.''
817 2559 903 2630 inde
933 2555 1044 2653 lapsus
1070 2557 1160 2652 ignis
1192 2556 1229 2629 in

249 2677 416 2774 porticus,
440 2678 608 2774 adpositas
642 2679 794 2751 aedibus:
830 2704 916 2752 mox
945 2676 1141 2749 sustinentes
1168 2673 1233 2748 sas-

248 2798 375 2898 tigium
393 2797 533 2895 aquilae,
561 2819 675 2871 vetere
699 2797 811 2896 ligno,
838 2788 1015 2872 traxerunt
1036 2799 1233 2886 flammam,

232 2922 487 3016 'alueruntque
537 2919 591 2992 Sic
610 2917 839 3016 Capitolium,
863 2921 982 2992 clausis
1007 2915 1155 3008 foribus,
1181 2916 1232 2989 in-

248 3039 428 3112 defensum
447 3045 480 3114 δι
503 3039 730 3136 indireptum,
751 3039 989 3137 conflagravit.
1076 3093 1080 3104 .

260 3228 263 3235 s
300 3161 459 3231 LXXII.
486 3163 530 3233 sn
550 3160 681 3235 facinus
704 3158 779 3254 post
802 3158 980 3231 conditam
999 3161 1138 3232 Urbem
1160 3159 1232 3231 luc·

249 3277 475 3351 tuoslffimum
499 3281 795 3376 foedissimumque
824 3280 958 3375 populo
987 3282 1152 3352 Romano
1171 3303 1229 3350 ac·

214 3387 219 3397 '¹
250 3396 355 3471 cidit:
386 3400 483 3471 nullo
507 3421 651 3473 externo
669 3398 781 3492 hoste,
808 3397 977 3495 propitiis,
1000 3401 1103 3496 fiper
1119 3423 1231 3471 mores

251 3518 379 3593 nostros
397 3518 528 3608 liceret,
551 3522 636 3609 deis,
662 3519 777 3593 sedem
795 3519 894 3613 Jovis
911 3518 1052 3615 optimi,
1073 3518 1231 3609 maximi,
1253 3567 1257 3579 ·

226 3637 464 3738 auspicatoa
486 3638 687 3735 majoribus,
715 3642 840 3737 pignus
862 3638 1011 3735 imperii,
1038 3638 1232 3726 conditam,

250 3789 357 3865 quam
380 3783 451 3833 non
468 3756 613 3832 Porsena
634 3760 750 3833 dedit&
768 3762 883 3853 Urbe,
909 3784 1022 3855 neque
1039 3757 1134 3836 Galli
1151 3783 1233 3856 cap·
