2820 4694
286 365 357 460 276
461 363 513 441 ,6.
546 363 818 439 Constanti
859 366 1057 440 Tnernr

288 545 316 580 “
332 536 492 610 timemus
519 537 783 634 Vespafianum:
818 563 859 611 ea
891 538 1055 636 Principis
1088 556 1184 627 aras,
1215 562 1258 614 ea

285 666 312 701 “
328 657 525 731 moderatio.
573 659 640 730 Sed
657 657 796 732 diutius.
807 660 931 731 durant
946 659 1120 755 exempla,
1146 658 1256 756 quim

286 784 312 820 “
330 800 451 851 mores.
518 777 763 875 Elanguimus,
803 797 914 875 patres
945 777 1153 874 conscripti;
1188 804 1255 851 nec

283 903 311 938 “
322 895 396 992 jam
414 896 472 971 ille
488 894 623 970 senatus
639 894 769 987 sumus,
795 897 871 995 qui,
889 897 1001 972 occiso
1018 900 1172 988 Nerone,
1190 900 1254 972 de-

247 1099 251 1107 ,
283 1024 315 1060 “
327 1020 450 1090 latores
480 1021 513 1089 δι
540 1016 725 1106 ministros,
755 1043 851 1091 more
870 1015 1039 1124 maiorum
1062 1019 1258 1114 puniendos

283 1144 311 1179 “
330 1126 521 1234 flagitabat.
569 1136 735 1233 Optimus
767 1137 828 1227 est,
861 1138 936 1235 post
960 1140 1093 1213 malum
1119 1139 1254 1285 Princi-¹

211 1234 216 1258 ’
286 1265 312 1300 “
332 1255 515 1353 pem,d1es
532 1256 701 1352 primus?

329 1376 466 1451 XLIII.
489 1377 635 1448 Tnnro
653 1403 733 1451 cum
751 1377 892 1452 adsensu
903 1378 1036 1453 senatus
1052 1380 1188 1455 auditus
1206 1379 1256 1452 est

282 1502 491 1585 Montanus,
504 1513 543 1570 ut
558 1496 654 1592 spem
671 1519 809 1595 caperet
827 1500 1027 1589 Helvidius,
1045 1503 1139 1597 polle
1155 1499 1258 1573 etiam

284 1619 495 1694 Marcellum
514 1617 690 1713 prostemi.
740 1619 851 1716 Igitur
873 1646 894 1692 a
914 1623 1016 1694 laude
1038 1620 1153 1693 Cluvii
1171 1621 1258 1692 Rufi

284 1739 392 1826 orsus,
405 1738 465 1835 qui
484 1738 626 1833 perinde
637 1738 749 1828 dives,
769 1744 802 1813 δε
821 1741 1153 1838 οὶοᾳυεηῑίἓιτὴῐυε,
1171 1738 1259 1832 nulli
1378 1774 1380 1778 ·

282 1885 451 1956 umquam
468 1856 529 1931 sub
545 1859 686 1934 Nerone
703 1859 893 1956 periculum
910 1858 1098 1950 saceffiffet,
1116 1857 1258 1933 crimine

284 1981 384 2055 simul
420 1980 653 2111 exemploque
682 1979 828 2074 Eprium
861 1984 1023 2078 urgebat,
1060 1978 1259 2053 ardentibus

283 2121 418 2199 patrum
435 2098 568 2173 animis.
619 2100 727 2194 Qtod
742 2099 804 2174 ubi
825 2097 920 2171 sensu
937 2103 1143 2188 Marcellus,
1161 2101 1259 2173 velut
1308 2102 1311 2111 ⁴

281 2226 453 2297 excedens
472 2219 583 2304 curia;
613 2227 639 2261 “
659 2221 791 2308 Imus,”
809 2217 936 2316 inquit,
963 2225 990 2261 “
1009 2218 1132 2307 Prisce,
1152 2223 1185 2291 δι
1202 2243 1257 2289 re-

282 2352 308 2387 “
328 2341 520 2439 linquimus
535 2316 598 2414 tibi
615 2334 768 2413 senatum
792 2360 917 2415 tuum:
949 2363 1067 2437 regna,
1093 2336 1259 2434 prasente

282 2470 310 2507 “
328 2461 495 2538 Caesare.”
544 2463 758 2558 Sequebatur
771 2459 896 2534 Vibius
911 2457 1064 2556 Crispus,
1081 2460 1185 2533 ambo
1203 2458 1258 2530 in·

278 2583 377 2674 sens,
402 2583 503 2656 vultu
524 2580 683 2676 diverso;
711 2582 901 2655 Marcellus
918 2579 1118 2654 minacibus.
1133 2578 1259 2669 oculis,

279 2703 418 2802 Crispus
434 2702 618 2787 renidens3
643 2703 757 2775 donec
781 2699 926 2775 adcursu
943 2700 1137 2776 amicorum
1154 2719 1260 2773 retra-

280 2829 452 2901 herentur.
519 2823 612 2896 cum
642 2820 797 2918 glisceret
820 2842 1009 2911 certamen,
1044 2821 1125 2895 hinc
1143 2820 1259 2894 multi

280 2947 450 3044 bonique,
480 2943 563 3016 inde
590 2942 754 3040 pauci&
781 2942 888 3014 validi
917 2942 1148 3040 pertinacibus
1171 2939 1260 3014 odiis

282 3069 476 3154 tenderent,
496 3062 721 3166 consumptus
739 3086 801 3158 per
816 3061 1023 3136 discordiam
1039 3063 1123 3136 dies.
1174 3136 1180 3145 ,

329 3186 463 3259 XLIV.
488 3187 679 3263 Pnoxuro
692 3181 821 3271 senatu,
835 3182 1023 3257 inchoante
1031 3181 1163 3258 Caesare
1175 3189 1203 3225 “
1214 3184 1260 3255 de

175 3301 176 3305 ’
284 3300 504 3379 “abolendo
526 3302 655 3379 dolore.
670 3302 800 3401 irlque,
828 3307 862 3376 a
888 3303 1043 3401 priorum
1060 3321 1261 3397 temporum

282 3435 310 3471 “
329 3426 613 3517 neeesfitatibus,”
626 3422 755 3499 censuit
765 3423 953 3497 Mucianus
971 3420 1103 3520 prolixe
1120 3441 1182 3514 pro
1198 3443 1260 3492 ae-

281 3543 506 3635 cusatoribus,
522 3547 620 3619 simul
637 3542 719 3636 eos,
730 3543 790 3643 qui
807 3564 973 3641 emptam,
995 3540 1076 3613 dein
1097 3536 1260 3614 omissam

280 3667 467 3745 altionem
483 3683 691 3766 repeterent,
723 3665 858 3738 monuit
889 3663 1043 3737 sermone
1073 3658 1187 3749 molli,
1222 3663 1258 3733 δε

279 3807 460 3888 tamquam
488 3802 637 3883 rogaret.
659 3854 664 3859 r
685 3786 804 3861 Patres
827 3803 1014 3885 coeptatam
1046 3780 1259 3873 libertatem,
