2844 4704
167 338 168 341 ’
250 332 318 427 136
436 332 478 406 C.
518 332 784 407 Consuarr
825 333 1024 413 Tncrrr

247 501 320 604 ejus
345 484 503 579 Vitellius
531 506 759 583 excitabatur.
808 511 904 585 Tum
930 509 1015 608 ipse,
1039 508 1225 585 exercitus-

137 684 145 697 .
249 653 330 723 que,
356 647 395 700 ut
412 628 510 700 nullo
537 632 679 721 amulo,
700 629 842 723 saevitil,
862 631 1018 723 libidine,
1043 653 1158 730 raptu,
1186 632 1225 704 in

247 767 407 819 externos
423 774 536 854 mores
552 771 797 849 proruperunt.

293 869 465 940 LXXIV.
492 875 552 942 Ατ
565 870 788 968 Vespasianus
803 875 934 947 bellum
951 897 1130 972 armaque,
1144 896 1226 968 pro-

217 1074 219 1081 4
245 988 300 1060 cul
320 989 375 1061 vel
395 987 499 1087 juxta
529 994 603 1064 sitas
619 992 722 1083 vires,
750 993 1068 1092 circumspedlabat.
1093 992 1227 1065 Miles

145 1194 152 1216 s
245 1108 307 1205 ipss
324 1110 411 1183 adeb
430 1130 579 1222 paratus,
608 1133 647 1184 ut
666 1134 883 1220 praeeuntem
903 1118 1169 1202 sacramentum,
1189 1117 1223 1184 δι

208 1239 212 1244 ’
233 1228 355 1306 'fausta
372 1229 513 1303 Vitellio
535 1232 654 1304 omnia
668 1254 879 1328 precantem,
899 1261 960 1332 per
978 1233 1147 1307 silentium
1163 1257 1224 1305 au-

163 1414 165 1424 ,
245 1351 383 1424 dierint.
426 1351 585 1424 Muciani
602 1353 753 1443 animus,
781 1381 845 1427 nec
858 1354 1063 1453 Vespasiano
1079 1353 1225 1444 alienus,

246 1478 280 1545 &
305 1473 342 1554 in
358 1472 485 1546 Titum
499 1473 663 1569 pronior:
693 1473 869 1572 prafeslus
886 1476 1049 1572 AEgypti‚
1069 1460 1238 1549 Alexan

244 1595 321 1683 der,
347 1594 485 1667 consilia
506 1592 701 1668 sociaverat.
742 1595 899 1667 Tertiam
915 1594 1106 1692 legionem,
1126 1597 1225 1692 qubd

245 1715 388 1811 eSyrizl
404 1741 440 1788 tn
474 1718 638 1788 Moefiana
666 1717 839 1802 transisset,
869 1713 964 1788 suam
994 1718 1221 1790 numerabat:

247 1858 369 1909 ceterae
407 1835 534 1931 lllyrici
576 1836 743 1933 legiones,
787 1835 953 1909 secuturae
989 1835 1224 1933 sperabantur.

246 1960 412 2054 Namque
430 1983 551 2040 omnes
568 1957 738 2030 exercitus
763 1958 1002 2031 flammaverat
1024 1956 1227 2055 adrogantia

244 2072 458 2152 venientium
483 2104 505 2158 a
526 2077 666 2152 Vitellio
684 2078 861 2164 militum;
893 2077 990 2176 qubd
1016 2099 1129 2151 truces
1146 2103 1224 2151 eor·

206 2197 345 2299 Tpore,
368 2200 500 2273 horridi
527 2199 697 2289 sermone,
727 2221 871 2302 ceteros,
899 2220 939 2272 ut
956 2199 1117 2296 impares,
1141 2198 1224 2272 inri-

242 2325 383 2397 debant.
433 2324 501 2395 Sed
519 2321 554 2408 iu
570 2325 663 2400 tanta
682 2322 775 2394 mole
791 2320 872 2394 belli
892 2322 1096 2417 plerumque
1113 2316 1241 2392 cuno?

242 2446 327 2519 tatio
341 2474 351 2530 3
383 2448 417 2516 δι
435 2442 670 2539 Vespasianus,
701 2441 808 2514 modb
824 2441 861 2513 in
877 2440 972 2538 spem
988 2442 1132 2530 eredas,
1160 2439 1224 2512 ali-

244 2567 388 2664 quando
406 2563 546 2639 adversa
562 2567 742 2661 reputabat
757 2592 766 2635 ε
798 2570 825 2610 “
844 2562 934 2660 Qris
952 2560 1100 2634 illedies
1116 2560 1223 2651 foret,

244 2694 272 2730 “
291 2713 363 2785 quo
375 2686 550 2784 sexaginta
567 2685 676 2759 aetatis
689 2710 812 2772 annos,
827 2683 963 2757 &duos
976 2682 1066 2755 filios
1076 2679 1226 2778 juvenes

226 2811 386 2883 “bello
412 2808 652 2906 permitteret?
682 2805 762 2913 Esse
787 2804 927 2902 privatis
954 2801 1227 2901 cogitationibus

245 2937 273 2983 “
292 2932 504 3025 regressum:
538 2933 586 3021 bt,
617 2949 717 3027 prout
730 2927 852 3018 velint,
872 2928 950 3026 plus
964 2906 1123 2998 minusve
1137 2922 1225 2998 sumi

244 3054 272 3088 “
289 3073 333 3118 ex
363 3045 525 3122 fortuna:
554 3049 739 3146 imperium
766 3045 999 3143 cupientibus,
1032 3044 1119 3120 nihil
1148 3071 1223 3120 me-

212 3263 213 3266 *
245 3175 272 3212 “
290 3167 390 3240 diurn
409 3167 497 3241 inter
511 3167 648 3242 summa
666 3171 698 3240 ἃ
716 3166 946 3264 praecipitia.’¹

227 3332 230 3338 2
292 3290 448 3373 LXXV.
474 3292 741 3362 Vansnsnrun
771 3307 851 3382 ante
874 3290 996 3361 oculos
1024 3286 1225 3360 Germanioi

196 3457 198 3463 ·
245 3408 418 3494 exercitiis
431 3412 549 3498 robur,
573 3430 697 3483 notum
716 3408 792 3481 viro
809 3408 970 3482 militari:
992 3416 1019 3452 “
1038 3411 1120 3482 Suas
1135 3407 1224 3506 legi-

246 3535 275 3573 “
294 3553 391 3618 ones,
415 3528 511 3601 civili
523 3531 619 3603 bello
635 3530 857 3627 inexpertas,
875 3528 1020 3620 Vitellii,
1041 3528 1224 3602 v'idlrices:

246 3659 275 3700 “
294 3656 327 3726 dt
353 3649 448 3748 apud
464 3647 602 3737 sitlos,
617 3651 700 3746 plus
712 3648 1022 3746 querimoniarum,
1047 3650 1154 3746 quam
1172 3647 1225 3720 vi-

246 3782 274 3836 tt
291 3773 410 3864 gipm3
450 3771 583 3864 fluxam
612 3794 672 3867 per
704 3768 889 3858 discordias
917 3767 1072 3862 militum
1102 3771 1226 3860 fidem,
