2820 4694
320 321 730 418 Hrsronrnn'uu
761 339 876 412 Lrn.
909 337 974 413 III.
1047 326 1141 440 '205
1207 299 1209 303 Ι

174 513 203 554 “
219 507 363 601 labores,
384 515 407 585 ss
426 511 566 607 praemia
578 509 808 608 periculorum
823 509 885 583 soli
901 508 1143 607 adsequantur,
1183 593 1188 597 ᾖ

174 636 201 672 “
220 630 280 728 qui
298 630 468 728 ¹‘periculis
492 656 562 703 non
586 622 792 704 adfuerinrx'
842 633 920 703 Nec
937 628 1087 703 fefellere
1100 657 1144 704 ea

171 750 403 826 Mucianum:
433 753 515 826 inde
535 776 663 849 ,graves
691 753 898 836 simultates3
929 775 1013 847 quas
1032 756 1143 822 A‘nto-

114 944 122 951 ,
173 870 250 943 nius
279 872 477 970 simplicius,
508 857 856 961 Mucianus'callide,
886 871 997 969 eoque
1018 870 1143 967 impla-

173 992 318 1066 cabilius
335 992 516 1066 nutriebat.
738 996 741 1011 '

220 1115 318 1185 LlV.
345 1120 404 1186 Ar
423 1112 596 1202 Vitellius,
625 1109 740 1188 fratris
756 1114 849 1211 apud
866 1102 1075 1193 Cremonam
1092 1137 1144 1186 re-

171 1233 249 1319 bus,
268 1235 405 1306 nuntios
422 1215 527 1308 cladis
542 1234 732 1328 occultans,
748 1234 850 1307 stultas
866 1233 1143 1333 dissimulatione,

173 1352 327 1426 remedia
352 1353 465 1450 potius
488 1333 673 1442 malorum,
701 1355 808 1451 quim
833 1355 937 1443 mala,
955 1351 1144 1428 differebat.

172 1469 320 1573 Qippe
347 1459 524 1546 confitenti
552 1473 822 1570 consultantique
850 1474 1043 1571 supererant
1070 1473 1145 1570 spes

172 1589 353 1688 viresque:
382 1595 466 1669 cum
495 1620 514 1667 e
542 1595 713 1669 contrario
738 1597 815 1668 laeta
841 1595 959 1668 omnia
983 1597 1143 1691 lingeret,

170 1709 258 1785 falfis
275 1701 544 1812 ing'ravescebat.
595 1715 730 1789 Mirum
747 1717 841 1812 apud
859 1714 972 1811 ipsum
988 1715 1033 1787 de
1049 1717 1143 1788 bello

170 1833 367 1907 silentium:
403 1835 568 1933 prohibiti
597 1860 659 1933 per
676 1835 853 1909 civitatem
873 1832 1056 1924 sermones,
1085 1831 1145 1909 eo-

172 1979 241 2052 que
259 1957 371 2052 plures
388 1985 397 2030 ε
423 1982 478 2047 ac,
497 1960 520 2030 st
538 1954 665 2046 liceret,
685 1980 765 2028 vera
783 1955 959 2044 narraturi,
985 1954 1068 2052 quia
1083 1980 1144 2028 ve·

171 2078 343 2166 tabantur,
361 2076 529 2151 atrociora
541 2078 779 2175 vulgaverant.
827 2077 907 2162 Nec
922 2073 1144 2148 duceshosti-

169 2223 231 2271 um
247 2200 416 2297 augendas
433 2197 533 2271 famae
551 2198 707 2288 deerant,
733 2216 852 2294 captos
873 2195 1004 2268 Vitellii
1020 2199 1145 2294 explo-

134 2383 140 2392 .
169 2336 308 2407 ratores,
334 2305 670 2415 circumdustosque,
695 2319 873 2391 utrobora
889 2314 1024 2388 vistoris
1048 2306 1149 2389 exerss

142 2474 147 2483 =
170 2438 256 2512 citlrs
272 2437 460 2525 noscerent,
485 2437 693 2511 remittendo
709 2466 718 2510 ε
745 2462 833 2536 quos
849 2460 970 2510 omnes
986 2434 1145 2510 Vitellius

170 2556 297 2630 secreto
314 2552 569 2655 percunslatus,
587 2557 732 2632 interfici
743 2557 849 2656 juffit.
887 2557 1048 2632 Notabili-
1061 2583 1146 2631 con·

171 2676 293 2749 stantial
309 2659 479 2788 centuriO,
505 2678 618 2773 Julius
636 2677 807 2776 Agrestis,
836 2679 912 2776 post
935 2681 1062 2752 multos
1079 2677 1145 2753 ser-

170 2820 306 2884 mones,
332 2797 459 2894 quibus
483 2797 664 2871 Vitellium
693 2788 737 2871 arl
753 2800 914 2874 virtutem
942 2796 1065 2873 frustra
1086 2823 1151 2872 ac:

148 3002 150 3005 ⁸
167 2917 351 3006 cendebat,
376 2918 528 3015 perpulit
544 2938 583 2990 ut
597 2919 640 2989 ad
657 2918 744 2993 vires
761 2916 920 2993 hostium'
931 2917 1144 3018 spectandas,
1169 3007 1174 3013 Ι

168 3034 318 3134 quaeque
343 3038 438 3134 apud
455 3039 666 3125 Cremonam
688 3043 764 3114 asia
787 3039 912 3130 forent,
944 3039 1013 3138 ipse
1031 3040 1144 3114 mitte-

166 3177 269 3230 retur.
319 3158 398 3244 Nec
416 3158 655 3257 exploratione
671 3161 807 3234 occult&
819 3159 933 3233 fallere
948 3161 1146 3236 Antonium

165 3277 325 3366 tentavit,
342 3274 401 3350 sed
420 3285 449 3321 “=
466 3281 629 3353 mandata
646 3278 867 3376 Imperatoris
884 3278 1056 3377 suumque
1072 3283 1145 3356 ani-¹

166 3405 195 3441 “
214 3398 340 3472 mum”
370 3397 547 3496 professus,
567 3406 594 3441 “
612 3419 652 3473 ut
665 3400 790 3474 consta
806 3379 969 3486 viseret,'’
986 3403 1145 3497 postulat.

165 3518 273 3608 Milli,
292 3517 352 3617 qui
371 3519 489 3591 locum
508 3518 637 3614 proelii,
656 3519 839 3590 Cremonae
853 3517 1012 3618 vestigia,
1027 3542 1144 3619 captas

165 3637 318 3736 legiones
334 3640 563 3714 ostenderent.
605 3636 758 3736 Agrestis
776 3640 820 3711 ad
830 3639 1015 3714 Vitellium
1033 3665 1141 3714 reme·
1223 3694 1227 3711 r

48 3781 52 3799 ·
164 3757 250 3850 avit,
269 3759 506 3856 abnuentique
524 3765 552 3802 ‘⁶
570 3782 650 3830 vera
663 3758 732 3830 effe
749 3784 827 3856 quae
852 3760 1023 3849 afferret,''
1038 3780 1144 3856 arque
