2766 4658
265 351 511 427 Dranoeus
547 369 604 421 ou
639 346 963 425 Orneon-raus.
1003 391 1005 396 ·
1060 364 1112 443 27

132 521 282 625 judices,
307 525 368 621 qui
391 521 442 613 vi,
460 540 520 595 aut
541 516 723 619 potestate,
749 545 822 619 non
831 519 911 618 jure
929 525 963 595 ἃ
982 520 1122 619 legibus

138 641 377 741 cognoscunt,
408 646 441 715 δι
460 666 524 715 nec
541 638 717 737 accipiunt
733 660 905 738 tempora,
924 639 982 715 sed
999 641 1126 716 consti·

76 769 80 779 ⁴
142 764 260 852 ruunt,
274 784 278 791 ·
292 788 356 836 nec
380 762 651 860 exspesiandum
672 762 802 834 habent
826 781 1013 851 oratorem,
1041 762 1142 857 dum⁸

122 943 125 949 .
142 883 193 959 illi
208 867 312 956 iibeat
328 882 373 956 de
385 881 460 981 ipso
477 881 621 979 negotio
635 880 766 970 dicere,
784 877 841 952 sed
859 877 947 975 sape
960 881 1052 952 ultro
1068 883 1130 954 ad·
1248 963 1260 985 ι

144 1023 304 1092 monent,
333 1023 440 1100 atque
466 1002 536 1075 alid
560 998 867 1101 transgredientem
892 1014 1070 1100 revocant,
1093 1005 1129 1075 a

144 1123 301 1200 festinare
321 1121 355 1195 se
377 1122 553 1196 testantur.
915 1195 920 1209 s

197 1247 284 1318 XX.
307 1247 408 1342 Qus
437 1269 530 1317 nunc
553 1240 637 1317 feret
662 1262 835 1315 oratorem
859 1241 905 1314 de
929 1240 1130 1316 infirmitate

148 1363 356 1444 valetudinis
373 1362 439 1438 suae
458 1361 689 1461 praefantem?
717 1362 833 1460 qualia
848 1362 925 1435 sunt
948 1361 1019 1436 fere
1038 1364 1132 1459 prin·

151 1485 244 1583 cipia
274 1483 432 1561 Corvini.
481 1483 570 1583 Qtis
599 1481 755 1584 quinque
783 1482 819 1574 in
847 1485 998 1557 Verrem
1025 1484 1131 1559 libros

152 1605 390 1703 exspediabit?
442 1603 530 1702 Qis
551 1605 596 1677 de
611 1603 817 1700 exceptione
833 1608 867 1677 δι
884 1603 1133 1702 sormuldper·
1238 1698 1240 1701 ι

154 1727 301 1825 petietur
318 1726 376 1798 illa
392 1723 556 1798 immensa
572 1724 767 1815 volumina,
791 1750 871 1822 quae
890 1751 954 1823 pro
971 1727 1027 1798 M.
1044 1726 1136 1798 Tus·
1239 1789 1248 1813 ‚

155 1848 291 1938 lio,·aut
310 1851 356 1920 A.
373 1846 514 1923 caecina
533 1845 710 1943 legimus?
761 1845 943 1920 Praecurrit
959 1848 1029 1920 hoc
1046 1867 1136 1920 tem-

157 1994 242 2067 pore
253 1965 366 2066 judex
389 1965 579 2054 dicentem,
603 1969 636 2039 &
663 1964 723 2040 nist
747 1986 806 2041 ant
833 1967 934 2041 cursu
949 1993 1136 2066 argumen-

158 2110 290 2178 torum,
307 2109 366 2162 aut
383 2090 500 2163 colore
516 2085 771 2178 sententiarum,
790 2107 850 2160 aut
868 2088 1023 2160 nitore&
1041 2091 1139 2162 cultu

158 2208 433 2307 deseriptionum
454 2208 621 2280 invitatus
639 2212 672 2278 δι
690 2227 870 2302 corruptus
887 2206 950 2294 est,
968 2208 1142 2280 aversatur

159 2330 347 2403 dicentem.
397 2328 534 2422 Vulgus
551 2348 692 2421 quoque
708 2322 957 2414 adsistentium,
978 2329 1011 2398 δι
1029 2327 1142 2399 adflu·
1260 2358 1264 2364 ·

161 2474 223 2521 ens
252 2450 286 2520 ἃ
305 2471 416 2551 vagus
438 2443 588 2532 auditor,
611 2441 766 2516 adsuevit
789 2440 803 2541 j
893 2444 1033 2544 exigere
1059 2447 1145 2520 iaeti-

164 2567 264 2656 tiatn,
284 2569 317 2639 δι
338 2562 634 2664 pulchritudinem
650 2562 838 2652 orationis;
858 2592 922 2639 nec
939 2564 1052 2665 magis
1069 2593 1147 2665 per·

165 2686 229 2767 sert
253 2687 289 2760 in
312 2684 452 2783 judiciis
473 2684 604 2758 tristem
629 2684 864 2783 &impexam
890 2685 1146 2785 antiquitatem,

159 2808 276 2906 quim
294 2809 317 2879 st
334 2807 411 2905 quis
430 2805 465 2879 in
483 2804 593 2895 scena,
615 2807 747 2897 Roscii,
772 2828 831 2881 aut
846 2807 1039 2904 Turpionis
1055 2815 1146 2884 Am·
1215 2822 1217 2826 ’

169 2927 256 3003 bivii
274 2926 467 3023 exprimere
491 2928 604 3026 gestus
627 2928 725 3001 velit.
772 2930 855 3026 Jam
884 2929 966 3002 verd
987 2926 1149 3028 juvenes,

172 3053 207 3123 ἃ
234 3047 271 3120 in
296 3047 369 3145 ipsi
388 3048 583 3121 studiorum
600 3048 726 3122 incude
752 3048 864 3147 positi,
894 3049 957 3148 qui
976 3049 1150 3147 prosedds

170 3168 221 3244 sui
239 3171 340 3242 causa
357 3189 506 3244 oratores
523 3165 703 3260 serrantur,
723 3196 793 3243 non
810 3169 920 3245 solitm
937 3170 1067 3263 audire,
1090 3155 1151 3249 sed
1179 3208 1182 3218 ,
1262 3152 1268 3171 ⁸

172 3290 278 3366 etiam
307 3289 428 3363 referre
450 3292 598 3364 domum
623 3290 755 3388 aliquid
782 3292 922 3366 inlustre
950 3293 1150 3392 &dignum
1182 3288 1185 3302 ’

175 3408 345 3485 memoria
369 3411 502 3484 volunt.
551 3412 782 3509 Traduntque
809 3411 975 3504 invicem,
997 3442 1037 3490 ac
1062 3414 1151 3516 saepe

176 3531 212 3608 in
230 3529 381 3605 colonias
398 3555 439 3604 ac
455 3530 652 3629 provincias
670 3530 744 3605 suas
761 3531 923 3623 scribunt,
949 3534 1017 3608 sure
1033 3537 1068 3610 in
1084 3537 1151 3611 suis

175 3650 297 3749 aliquis
314 3652 435 3749 arguta
453 3650 598 3725 &brevi
616 3650 781 3726 sententiis
796 3652 932 3743 effulsit,
964 3659 1032 3729 srve
1053 3659 1151 3732 locus

178 3771 348 3877 exquisito
372 3780 405 3852 ἃ
423 3768 563 3878 poetico
579 3773 675 3855 cultu
693 3772 826 3852 enituit.
877 3775 1040 3877 Exigitur
1056 3776 1151 3855 enim
