2806 4694
340 302 766 452 '’I-lrsronrnnun
794 348 907 427 Lra.
929 352 957 427 1.
1123 382 1168 454 ³9

173 521 355 623 judicium
372 526 523 602 Neronis
538 524 659 617 secuti,
690 524 754 601 sub
779 551 852 625 quo
869 525 1032 603 eamdem
1048 551 1170 605 euram

179 644 397 736 obtinuerat,
427 644 600 746 plerisque
617 644 865 746 Vespafianum
890 645 1033 722 fratrem
1061 646 1098 720 in
1126 672 1170 724 eo

183 764 453 864 respicientibus.
479 767 709 866 flagitatum,
740 774 769 818 “
786 787 824 841 ut
842 765 1054 857 vacationes,
1080 792 1169 865 pra-

183 894 213 941 “
233 886 311 963 stari
327 886 588 963 centurionibus
605 885 728 978 solita,
746 886 1035 986 remitterentur.”
1052 889 1168 963 Nam·
1319 945 1326 952 ·

183 1033 255 1105 que
272 1009 451 1108 gregarius
469 1008 584 1099 miles,
601 1027 639 1083 ut
656 1008 828 1086 tributum
844 1033 1016 1099 annuum,
1036 1010 1167 1106 pende.

183 1130 253 1205 bat.
302 1134 439 1229 Qrarta
456 1155 532 1227 pars
550 1128 735 1226 manipuli,
765 1126 875 1226 sparsa
901 1154 961 1227 per
988 1116 1186 1206 contuita-¹

181 1269 254 1340 tus,
270 1272 330 1324 aut
346 1250 385 1323 in
402 1249 481 1347 ipsis
498 1248 615 1325 castris
631 1274 734 1348 vaga,
761 1249 849 1322 dum
865 1251 1066 1324 mercedem
1083 1274 1166 1329 cen-

111 1448 113 1452 ,
179 1369 317 1444 turioni
349 1368 563 1454 exsolverem
601 1393 715 1467 neque
745 1369 895 1444 modum
927 1371 1040 1445 oneris
1074 1369 1166 1469 quis·

183 1514 309 1586 quam,
336 1514 451 1587 neque
477 1514 587 1589 genus
609 1489 760 1588 quaestsrs
786 1493 879 1588 pensr
907 1491 1075 1566 habebat:
1105 1517 1168 1589 per

180 1607 410 1701 latrocinia&
429 1629 562 1707 raptus,
586 1631 646 1687 aut
662 1608 839 1686 servilibus
858 1609 1069 1699 ministeriis,
1098 1611 1165 1684 mi·

179 1727 278 1805 litare
311 1731 424 1806 otium
457 1732 689 1807 redimebant.
750 1733 849 1805 Tum
881 1731 1166 1827 locupletiffimus

128 1936 131 1940 ¹
180 1849 327 1949 quisque
354 1850 468 1942 miles,
502 1853 622 1928 labore
650 1878 691 1926 ac
723 1850 849 1927 savitid
875 1850 1027 1950 fatigari,
1052 1853 1166 1929 donec

179 1970 398 2048 uacationem
416 1992 569 2047 emeret:
599 1971 661 2046 ubi
676 1969 875 2069 sumptibus
889 1972 1091 2063 exhaustus,
1111 1973 1164 2048 so·
1261 1963 1265 1970 ’

180 2091 299 2167 cordia
316 2091 453 2190 insuper
469 2093 683 2191 elanguerat,
714 2092 814 2190 inops
832 2116 894 2190 pro
911 2093 1101 2189 locuplete,
1128 2098 1163 2170 bt

179 2211 269 2289 iners
302 2238 365 2310 pro
397 2213 552 2304 strenuo,
585 2212 623 2288 in
657 2212 876 2311 manipulum
915 2213 1076 2287 redibat:
1122 2241 1164 2290 ac

181 2331 294 2407 rursus
310 2333 522 2431 alite'atque
537 2332 640 2423 alius,
664 2333 786 2408 eidem
815 2333 967 2432 egestate
991 2357 1032 2405 ac
1055 2332 1164 2416 licens

180 2451 228 2536 tid
243 2453 411 2552 corrupti,
435 2455 481 2529 ad
497 2451 680 2532 seditiones
698 2458 731 2529 δι
748 2452 947 2544 discordias,
974 2457 1007 2529 δι
1031 2454 1077 2527 ad
1101 2480 1164 2529 ex·

177 2594 344 2667 tremum,
380 2576 473 2650 bella
499 2573 616 2650 civilia
646 2576 800 2651 ruebant.
860 2577 930 2651 Sed
963 2576 1076 2667 Otho,
1118 2600 1163 2652 ne

178 2695 280 2795 vulgi
307 2694 505 2795 largitione,
536 2695 782 2772 centurionum
815 2697 951 2773 animos
980 2717 1162 2790 averteret,
1202 2732 1204 2736 ·
1279 2739 1282 2746 1

181 2819 210 2859 ‘⁴
230 2811 353 2889 fiscum
377 2813 476 2893 suum
510 2815 708 2893 vacationes
735 2842 867 2895 annuas
896 2816 1161 2893 exsoluturum”

168 2932 358 3036 ,promisrtr
386 2957 461 3008 rem
492 2935 586 3011 haud
616 2936 726 3012 dubie
755 2936 892 3025 utilem,
931 2942 964 3012 a
1005 2933 1040 3012 a'
1060 2940 1160 3014 bonis

178 3054 298 3154 postea
342 3053 576 3154 Principibus,
612 3055 838 3157 perpetuitate
864 3055 1067 3155 discipline,
1103 3061 1160 3133 fir·

176 3194 321 3253 matam.
370 3176 470 3253 Laco
503 3176 700 3276 praeseelus,
729 3198 911 3276 tamquam
943 3177 980 3251 in
1012 3177 1160 3254 insulam

175 3293 413 3392 seponeremr,
430 3389 432 3401 y
447 3299 494 3372 ab
522 3316 682 3389 evocato,
708 3322 816 3396 quem
845 3297 889 3369 ad
923 3298 1057 3372 cadem
1088 3298 1161 3398 ejus

177 3416 273 3491 Otho
290 3416 511 3515 premiserat,
534 3417 718 3497 confossus.
768 3419 810 3491 In
838 3418 1058 3496 Martianum
1087 3423 1161 3496 lce·

176 3537 265 3628 lum,
291 3559 332 3614 ut
356 3536 396 3615 in
419 3537 743 3635 libertum-palam
771 3536 1062 3617 animadversum.
1195 3574 1203 3597 Ι

225 3660 379 3733 XLVII.
407 3660 578 3732 Exncro
605 3682 666 3756 per
688 3657 812 3735 scelera
836 3659 908 3752 die,
937 3662 1161 3741 novissimum

176 3778 352 3862 malorum
369 3777 434 3859 suit
450 3777 581 3856 latitia.
632 3780 745 3855 Vocat
766 3779 925 3857 senatum
941 3804 1067 3883 prator
1086 3785 1158 3867 Ur.

645 3900 682 3977 D
706 3927 730 4009 e
