2820 4694
256 375 327 426 200
462 353 803 427 GConnnrrr
839 354 1048 431 Tncrrr
1137 345 1140 367 '

235 508 345 597 'Afiae
361 521 550 614 civitatem,
576 526 743 599 aGraecis
760 524 797 598 in
814 546 971 600 extremo
987 524 1141 600 Ponticae
1158 550 1226 603 οη

254 640 443 732 conditam,
477 642 606 717 subitus
628 644 768 741 inrupit.
817 646 912 719 Caesa
936 644 987 719 ibi
1008 647 1145 734 cohors,
1173 668 1226 717 re-

167 741 172 762 *
250 761 351 859 gium
366 762 534 836 auxilium
551 762 650 853 olim,
664 747 750 837 mois
765 764 885 838 donati
897 765 1036 838 civitate
1049 768 1225 853 Romans,

251 884 345 979 figha
369 907 534 979 armaque
564 881 600 954 in
628 883 786 956 nostrum
811 884 972 980 modum,
1000 883 1165 960 desidiam
1182 883 1225 955 li.

253 1001 476 1099 centiamque
493 1003 696 1075 Graecorum
713 1002 916 1077 retinebant.
965 1005 1067 1077 Classi
1083 1029 1226 1101 quoquo

127 1216 130 1223 ¹
248 1121 339 1199 faces
356 1121 486 1212 intulit,
513 1146 624 1209 vacuo
640 1121 726 1194 mari
742 1123 900 1212 eludens,
930 1122 1014 1219 quia
1037 1124 1227 1202 lectissimas

248 1242 513 1329 liburnicarum,
533 1265 749 1338 omnemque
778 1241 927 1343 militem
954 1243 1141 1326 Mucianus
1159 1247 1226 1339 By-

249 1361 404 1437 zantium
421 1359 594 1457 adegerat.
624 1360 743 1458 ‘Qsin
772 1365 805 1433 δι
831 1360 970 1435 barbari
998 1362 1229 1459 contemptim

248 1483 477 1579 vagabantur,
512 1478 686 1554 fabricatis
709 1481 849 1578 repente
883 1482 1031 1558 navibus
1068 1486 1228 1578 (camaras
1336 1533 1342 1547 .

248 1603 393 1694 vocant)
424 1601 527 1674 arslis
560 1601 736 1691 lateribus,
765 1603 832 1673 latl
858 1601 954 1691 alvo,
983 1605 1052 1674 sine
1085 1601 1228 1674 vinculo

247 1720 321 1795 oeri‘s
353 1742 412 1794 aut
441 1720 517 1794 ferri
547 1724 727 1794 connexal:
758 1703 959 1797 &tumido
988 1719 1089 1811 mari,
1123 1739 1226 1817 prout

246 1843 373 1918 fluetus
400 1841 579 1930 attollitur,
609 1839 744 1913 summa
771 1840 915 1914 navium
943 1840 1069 1914 tabulis
1097 1858 1226 1938 augent

246 1965 359 2037 donec
380 1961 418 2034 in
445 1961 594 2033 modum
611 1961 692 2032 testi
715 1957 929 2033 claudantur.
979 1960 1034 2033 Sic
1057 1960 1145 2032 inter
1161 1984 1225 2032 un·
1290 1974 1293 1979 ’

248 2085 310 2157 das
327 2085 529 2171 volvuntur,
561 2080 635 2179 pari
663 2080 839 2188 utrimque
860 2080 972 2177 prorlr,
1002 2076 1225 2153 &mutabili

185 2259 189 2269 ·
246 2203 408 2303 remigio,
433 2202 577 2301 quando
606 2200 687 2273 hine
712 2200 768 2273 vel
798 2199 892 2274 illinc
919 2199 1090 2297 adpellere
1117 2194 1224 2271 indis·

246 2345 380 2410 cretum
398 2328 432 2396 ὅτ
453 2321 637 2396 innoxium
655 2320 713 2394 est.

295 2444 465 2520 XLVIII.
492 2449 706 2516 onnnrrr
723 2464 763 2513 ea
776 2465 827 2513 res
843 2439 1033 2538 Vespasiani
1052 2440 1223 2531 animum,
1333 2436 1342 2545 J

245 2585 284 2641 ut
295 2563 491 2639 vexillarios
507 2589 527 2637 e
541 2561 749 2662 legionibus,
764 2563 963 2658 ducemque
974 2560 1134 2634 Virdium
1151 2563 1224 2634 Ge·

213 2718 221 2724 ·
246 2685 398 2774 minum,
426 2681 584 2780 spedatae
609 2680 760 2772 militiae,
780 2680 960 2780 deligeret.
987 2680 1226 2776 ’Illeincom

246 2808 411 2904 positum,
430 2809 464 2878 δι
481 2804 608 2901 praedae
626 2801 790 2899 cupidine
811 2826 957 2900 vagum,
975 2801 1110 2876 hostem
1122 2802 1227 2887 ador·

167 2951 170 2959 ·
247 2946 316 3016 tus,
337 2925 453 3022 co'e'git
470 2923 506 2996 in
520 2947 647 2996 naves:
677 2920 873 3020 effestisque
890 2921 1018 3019 raptim
1035 2920 1225 3011 liburnicis,

248 3044 445 3142 adsequitur
462 3044 650 3117 Anicetum
666 3041 702 3114 in
718 3038 805 3114 ostio
821 3040 975 3147 fluminis
997 3040 1137 3132 Cohibi‚
1168 3061 1224 3114 tu-

247 3185 325 3236 tum
342 3162 403 3236 sub
420 3165 700 3237 Sedochezorum
715 3160 806 3259 regis
822 3161 968 3252 auxilio,
995 3188 1101 3260 quem
1118 3185 1225 3258 pecu.

249 3283 305 3358 nid
321 3281 489 3380 donisque
503 3284 549 3356 ad
567 3282 761 3356 societatem
779 3283 986 3378 perpulerat.
1037 3284 1093 3355 Ac
1110 3278 1224 3378 primo

247 3429 309 3478 rex
338 3403 440 3485 minis
466 3401 639 3500 armisque
669 3399 861 3499 supplicem
889 3401 1001 3475 tueri:
1038 3399 1225 3498 postquam

249 3546 382 3601 merces
423 3522 644 3620 proditionis,
686 3542 747 3594 aut
787 3522 920 3596 bellum
966 3519 1224 3609 ostendebatur,

249 3646 357 3735 fluxlr,
383 3659 422 3714 ut
445 3639 494 3712 est
516 3641 684 3731 barbaris,
713 3643 797 3730 lide,
821 3642 941 3737 pastus
958 3639 1099 3713 Aniceti
1121 3639 1224 3713 exiti.

209 3763 211 3767 ’
248 3748 325 3860 uris,
356 3758 519 3877 perfugas
543 3759 697 3852 tradidit,
727 3762 891 3858 belloque
916 3756 1026 3839 servili
1054 3759 1134 3842 finis
1156 3759 1225 3842 im.
