2766 4658
343 346 734 420 Htsronrnnuu
769 344 878 417 Lan.
915 345 978 416 IV.
1035 363 1147 442 '303

174 518 203 568 ‘³
220 522 358 615 vitium,
385 526 706 600 &dominationem
723 526 783 600 srbi
795 512 1008 622 concupivit,
1026 543 1065 597 ut
1077 551 1148 598 non

177 650 205 686 “
222 632 344 719 eadem
363 645 424 719 ista
442 648 610 719 vocabula
626 645 835 743 usurparet.''
876 671 877 677 ¹

221 765 391 839 LXXIV.
418 772 448 809 ‘⁶
467 770 612 839 Rasna
637 767 798 864 bellaque
823 790 883 863 per
904 764 1033 837 Gallias
1058 761 1146 836 sem-

174 888 202 925 “
222 907 282 979 pet
303 883 412 975 futlre,
439 887 552 959 donec
582 884 619 958 in
645 885 797 958 nostrum
821 882 879 980 jus
903 883 1145 957 concederetis.

173 995 201 1045 '“
220 1005 311 1093 Nos,
339 1030 554 1102 quamquam
575 1005 698 1077 totiens
726 1003 875 1093 laceffiti,
893 1000 971 1100 jure
995 1001 1147 1076 vidioriae

176 1121 256 1194 “id
284 1121 397 1197 solum
421 1124 529 1197 vobis¹
546 1123 757 1213 addidimus,
785 1148 856 1220 quo
884 1146 1007 1220 pacem
1033 1142 1145 1195 tuere·

80 1319 83 1324 ,
175 1248 204 1284 “
222 1266 311 1315 mut.
360 1245 457 1316 Nam
482 1268 594 1341 neque
619 1243 716 1342 quies
735 1242 907 1340 gentium,
938 1246 1006 1314 stne
1022 1243 1147 1328 armis3

135 1337 139 1355 i
176 1370 337 1460 “neque
359 1387 469 1453 arma,
483 1351 487 1362 ’
502 1367 570 1437 fine
595 1362 795 1461 stipendiis3
828 1387 941 1460 neque
966 1360 1148 1459 stipendia,

175 1488 203 1525 “
221 1485 290 1556 fine
303 1483 438 1558 tributis
455 1484 572 1557 haberi
590 1504 732 1582 queunt.
781 1481 903 1554 Cetera
918 1479 955 1553 in
967 1460 1147 1555 communi

176 1605 281 1678 “fita
311 1602 400 1678 sunt.
455 1607 521 1702 lpsr
555 1604 759 1701 plerumque
798 1599 993 1697 legionibus
1028 1601 1150 1678 nostris

176 1729 205 1767 “
225 1724 433 1821 praesidetis:
462 1725 522 1822 ipsr
548 1726 608 1798 has
634 1721 782 1819 aliasque
798 1719 994 1818 provincias
1019 1720 1148 1820 regitis.
1230 1802 1232 1805 ,

175 1849 204 1888 “
223 1845 324 1948 Nihil
356 1844 560 1943 separatum,
594 1840 804 1918 clausumve.
855 1841 902 1913 Et
930 1842 1147 1918 laudatorum

175 1971 202 2007 “
219 1964 423 2064 Principum
440 1964 516 2042 usus
533 1990 578 2037 ex
590 1989 705 2062 aequo,
723 1962 885 2062 quamvis
903 1958 1023 2058 procul
1039 1988 1147 2062 agen-

174 2090 202 2128 “
219 2084 335 2160 tibus:
366 2084 631 2184 saeviproximis
648 2084 825 2182 ingruunt.
875 2085 1066 2180 Qtomodo
1082 2084 1148 2156 ste·

173 2212 201 2250 “
218 2206 394 2298 rilitatem,
419 2223 477 2280 au't
498 2206 624 2279 nimios
652 2205 794 2292 imbres,
826 2206 858 2275 δι
886 2221 996 2275 cetera
1019 2226 1148 2279 naturae

174 2332 201 2371 “
220 2329 334 2412 mala;
372 2328 418 2399 ita
445 2327 584 2415 luxum,
610 2327 667 2398 vel
689 2322 865 2398 avaritiam
892 2320 1150 2397 dominantium

175 2450 203 2537 ‘¹‘
221 2446 374 2517 tolerate.
423 2445 516 2518 Vitia
532 2464 642 2535 erunt,
667 2446 779 2518 donec
796 2442 979 2516 homines:
1005 2439 1061 2515 sed
1087 2468 1147 2517 ne·

176 2570 204 2607 “
223 2586 291 2660 que
308 2565 384 2638 haec
398 2565 574 2655 continua,
599 2564 836 2659 &meliorum
849 2563 1042 2636 interventu
1062 2589 1146 2660 pen-

175 2688 203 2725 “
220 2679 335 2757 santur
350 2711 360 2756 ε
383 2683 443 2756 nist
460 2684 545 2758 forte
557 2688 690 2759 Tutore
702 2686 738 2757 δι
751 2686 897 2758 Claffico
910 2683 1146 2781 regnantibus,

176 2802 432 2876 “moderatius
455 2803 640 2902 imperium
668 2803 827 2902 speratim
856 2821 914 2878 aut
943 2802 1150 2894 minoribus,

175 2927 204 2964 “
223 2922 330 3019 quam
347 2949 453 3014 nunc,
476 2925 609 3000 tributis
634 2927 843 3024 parabuntur
860 2923 1044 3013 exercitus,
1070 2923 1147 3024 qui·
1259 2914 1260 2919 ¹

175 3047 203 3085 “
221 3043 286 3115 bus
302 3044 466 3117 Germani
483 3045 704 3144 Britannique
719 3023 906 3119 arceantur.
955 3046 1052 3118 Nam
1069 3046 1148 3142 pul-

176 3169 204 3206 “
221 3165 274 3253 sts,
302 3164 416 3262 (quod
432 3164 487 3245 dii¹
500 3166 725 3264 prohibeant)
744 3164 927 3254 Romanis,
941 3165 1027 3261 quid
1040 3166 1147 3256 aliud,

131 3278 134 3285 ’
176 3292 204 3329 “
221 3285 330 3383 quim
347 3286 438 3359 bella
453 3286 613 3360 omnium
631 3286 717 3359 inter
736 3283 769 3358 se
787 3284 944 3384 gentium
961 3285 1146 3360 exfistent?

175 3411 203 3448 ‘⁴
220 3405 513 3504 Odingentorum
541 3430 711 3480 annorum
739 3404 878 3479 fortuni
905 3403 1152 3505 disciplinaque

177 3530 203 3566 “
222 3549 408 3624 compages
425 3528 500 3600 haec
523 3524 675 3610 coaluit3
699 3550 778 3621 quae
801 3524 965 3615 convelli,
999 3529 1068 3601 fine
1088 3552 1149 3600 ex·

176 3645 205 3682 “
223 3640 282 3714 itio
298 3644 580 3736 convellentium,
600 3669 672 3717 non
686 3643 806 3742 potest.
848 3646 914 3718 Sed
932 3646 1149 3720 vobis-max-

167 3767 206 3826 ,“
224 3759 333 3839 imum
356 3762 551 3860 discrimen,
588 3788 694 3865 penes
723 3790 812 3864 quos
839 3791 963 3841 aurum
990 3770 1024 3838 δι
1052 3788 1149 3861 opes,

632 3887 668 3962 X
