2766 4658
349 350 965 478 H1sros1inon141sff.
1078 391 1156 472 ’333

182 554 210 592 “
229 531 424 629 memores:
452 534 552 623 illum
577 549 670 622 diem
694 570 754 622 aut
779 548 1053 649 gloriosissimum
1073 547 1160 620 inter

179 677 208 715 “
227 669 382 767 mojores3
402 692 461 742 aut
479 668 750 768 ignominiosum
769 673 862 765 apud
882 668 1035 766 posteros
1051 668 1161 741 sore.''
1270 718 1274 727 ,

179 792 254 864 Ubi
284 792 366 864 sono
395 817 574 863 armorum
608 788 834 886 tripudiisque
874 790 940 885 (ita
968 789 1034 863 illis
1064 791 1158 882 mos)

177 914 368 1009 adprobata
397 911 472 989 sunt
503 913 608 1000 disla,
635 910 735 999 saxis,
764 910 1033 1009 glandibusque,
1054 915 1085 983 δι
1105 930 1161 982 ce·

179 1035 259 1107 te'ris
293 1033 473 1107 missilibus
502 1031 666 1128 proelium
695 1031 883 1127 incipitur;
915 1057 1028 1128 neque
1050 1031 1163 1104 nostro

180 1154 290 1227 milite
308 1154 473 1251 paludem
502 1152 733 1250 ingrediente,
761 1157 794 1225 &
820 1152 1018 1243 Germanis,
1047 1173 1083 1224 ut
1100 1151 1160 1224 eli·

180 1298 309 1363 cerent,
330 1273 576 1347 lacessentibus.

230 1398 365 1468 XVIII.
393 1401 638 1482 hirsonnus,
670 1419 747 1490 quae
774 1392 964 1491 jaciuntur,
989 1399 1022 1466 &
1052 1378 1181 1466 ardes-v

181 1535 281 1588 cente
310 1520 440 1613 pugnas,
475 1513 675 1610 procursum
704 1518 749 1588 ab
776 1515 873 1609 hoste
899 1514 1073 1588 infestius:
1096 1514 1164 1586 im·
1258 1553 1260 1560 ·

181 1639 304 1709 mensis
329 1635 551 1732 eorporibm,
576 1640 608 1708 ὅ(
639 1634 825 1732 prolongis
846 1635 946 1708 hastis
970 1635 1165 1727 fluitantem

181 1759 427 1855 labantemque
456 1757 602 1830 militem
630 1756 764 1829 eminus
786 1755 988 1829 fodiebant:
1022 1757 1166 1829 simule

180 1880 286 1966 mole,
308 1904 413 1974 quam
432 1879 594 1950 edu&am
609 1877 646 1948 in
664 1876 832 1950 Rhenum
852 1876 1043 1965 retulimus,
1057 1880 1163 1949 Bruc-

180 2018 333 2071 terorum
353 2025 483 2071 cuneus
502 1997 704 2070 tranatavit:
727 2000 864 2070 turbata
882 1998 929 2071 ibi
949 2024 1019 2070 res:
1040 2003 1073 2070 &
1089 1999 1163 2095 pel·-

123 2199 125 2205 ,
180 2119 313 2192 lebatut
340 2118 509 2194 sociarum
543 2113 743 2193 cohortium
769 2118 872 2205 acies,
900 2119 981 2190 ciam
1009 2117 1166 2215 legiones

179 2266 336 2338 pugnam
353 2240 550 2336 excipiunt,
577 2238 822 2335 suppressaque
846 2238 996 2310 hostium
1020 2238 1162 2329 ferocis,
1235 2273 1236 2276 ¹

84 2363 87 2372 ’
179 2361 342 2456 proelium
376 2383 543 2455 aequatur.
601 2363 695 2432 Inter
729 2384 807 2454 quae
845 2356 989 2454 perfuga
1021 2359 1166 2431 Batavus

178 2479 261 2551 adiit
285 2479 471 2568 Cerialem,
501 2488 527 2522 “
546 2501 643 2578 terga
659 2479 836 2551 hostium’'
853 2455 1068 2575 promittens
1100 2484 1165 2554 “fi

181 2607 209 2642 “
228 2621 387 2672 extremo
406 2601 542 2697 paludis
560 2627 665 2698 eques
682 2601 899 2673 mitteretur:
921 2598 1071 2672 solidum
1092 2599 1163 2689 illi,

183 2725 212 2761 “
233 2724 265 2790 δι
284 2722 483 2815 Gugernos‚
505 2721 631 2818 quibus
648 2721 806 2794 custodia
822 2721 1026 2810 obvenisset,
1043 2746 1168 2818 patum

181 2846 208 2881 “
229 2840 413 2911 intentos.”
462 2843 552 2913 Duae
579 2844 655 2929 alae,
682 2869 764 2914 eum
794 2839 942 2939 perfugas
969 2840 1090 2930 missa,
1113 2841 1165 2912 in-

179 2979 282 3033 cauto
308 2959 397 3033 hosti
424 2959 770 3034 circumfunduntur:
802 2964 898 3060 quod
925 2959 985 3035 ubi
1013 2963 1166 3035 elamore

160 3081 387 3179 Ncognitum3
420 3082 572 3179 legiones
596 3109 615 3153 a
639 3079 754 3154 fronte
775 3082 979 3170 incubuere,
1010 3085 1166 3180 pulsique

85 3288 89 3299 Ι
116 3261 119 3267 .
180 3202 349 3275 Germani
368 3204 536 3275 Rhenum
552 3202 635 3300 sogal
654 3206 827 3299 petebant.
878 3204 1104 3276 Debellatum
1124 3230 1167 3276 eo

165 3324 239 3401 ¹die
265 3322 364 3412 soret,
384 3327 406 3394 si
425 3327 588 3395 Romana
606 3325 711 3395 elassis
729 3322 824 3418 sequi
850 3327 1058 3398 maturasset.
1109 3327 1168 3397 Ne

180 3470 287 3542 eques
313 3443 459 3542 quidem
484 3443 618 3531 institit,
649 3445 791 3540 repente
817 3435 1104 3535 susis-imbribus,
1132 3442 1166 3517 Sc

182 3565 381 3662 propinqus
395 3566 506 3636 noste.

230 3688 330 3759 XIX.
358 3689 539 3760 Posrsna
559 3686 630 3773 die,
659 3684 918 3784 quartadecima
943 3685 1036 3782 legio
1054 3683 1093 3753 in
1111 3680 1165 3753 su·

183 3806 352 3903 periorem
371 3807 591 3906 provinciam
609 3809 715 3881 Gallo
733 3806 855 3880 Annio
872 3807 991 3880 milla:
1024 3802 1165 3876 Cerialis
