2844 4704
286 289 291 299 x
366 321 774 403 Hrsroninaou
808 321 1018 440 Lis-Ill.
1120 326 1185 429 ¹⁸3

255 506 392 580 XXIII.
416 505 632 578 Susrruurr
659 505 835 578 labantem
861 503 973 600 aciem
995 505 1184 596 Antonius,

201 626 322 712 accitis
348 625 582 725 pretorianis:
622 625 683 723 qui
716 625 777 699 ubi
809 627 978 722 excepere
1011 648 1183 724 pugnam,

204 750 339 848 pellunt
363 747 513 836 hostem,
538 745 620 819 dein
642 746 829 843 pelluntur.
879 747 1047 843 Namque
1074 728 1184 819 Vitel-
1233 844 1234 847 Ἴ

201 870 298 963 liani,
332 887 508 944 tormenta
536 865 572 939 in
595 891 760 965 aggerem
781 865 847 939 vise
876 868 1111 957 contulerant,
1145 885 1185 942 ut

199 993 269 1064 tela
302 1015 414 1065 vacuo
447 1008 553 1086 atque
586 1007 705 1084 aperto
742 1007 1001 1079 excuterentur,
1030 987 1183 1085 'dispersa
1292 997 1311 1046 7

202 1108 333 1209 primb,
374 1114 407 1183 ἃ
438 1107 597 1196 arbustis,
641 1110 710 1180 stne
744 1107 897 1182 hostium
932 1111 1039 1198 noxl,
1075 1108 1183 1183 inlisa.

200 1230 454 1329 Magnitudine
477 1228 613 1322 ,eximia
636 1229 912 1326 quintadecima
944 1229 1090 1327 legionis
1120 1233 1182 1305 ba·

199 1350 292 1439 lista,
319 1347 515 1448 ingentibus
539 1347 625 1421 saxis
655 1348 811 1421 hostilem
837 1349 948 1422 aciem
971 1352 1182 1446 proruebatr

202 1470 341 1568 lateque
369 1472 503 1544 cladem
529 1469 704 1559 intuliffet,
730 1468 764 1540 ni
787 1470 861 1542 duo
877 1467 1014 1559 milites,
1040 1472 1181 1567 praecla-
1207 1457 1210 1462 ⁴

202 1616 282 1664 rum
312 1588 444 1671 facinus
468 1593 551 1678 auti,
592 1588 736 1685 arreptis
762 1615 783 1662 e
814 1589 926 1687 strage
958 1588 1057 1663 scutis
1081 1590 1182 1689 igno·

200 1711 279 1800 rati,
305 1711 419 1784 vincla
436 1697 486 1784 ‘ac
516 1711 724 1817 libramenta
747 1730 998 1784 tormentorum
1023 1709 1181 1786 abscidis·
1277 1780 1278 1788 ,

199 1829 298 1904 sent:
332 1831 448 1904 statim
476 1829 619 1904 confoffi
643 1829 733 1920 sunt,
752 1830 865 1929 eoque
890 1830 1092 1906 intercidere
1119 1828 1182 1905 no·

121 1981 124 1989 ’
200 1951 321 2024 mina:
348 1952 393 2025 de
421 1949 512 2025 facto
540 1953 633 2024 haud
663 1951 865 2049 ambigitur.
915 1950 1055 2025 Neutro
1083 1952 1183 2026 incli·
1262 2007 1264 2010 -

202 2093 342 2145 naverat
363 2069 513 2163 fortuna,
531 2074 661 2163 donec,
680 2072 797 2146 adulta
814 2073 929 2162 node,
949 2073 1030 2146 luna
1045 2070 1197 2171 surgens.

200 2192 396 2267 ostenderet
412 2193 516 2283 acies,
536 2191 748 2290 falleretque.
798 2192 865 2266 Sed
883 2192 1054 2267 Flavianis
1072 2194 1181 2294 aequi-

200 2340 242 2388 or
270 2340 291 2388 a
320 2336 448 2412 tergo:
474 2313 558 2387 hinc
593 2311 738 2410 majores
762 2338 933 2412 equorum
959 2313 1183 2413 virorumque

199 2437 351 2524 umbrae,
376 2441 409 2508 δι
428 2431 525 2523 fals0‚
544 2451 583 2506 ut
606 2432 820 2532 incorpora,
843 2433 926 2524 id'tu,
943 2433 1011 2507 tela
1032 2434 1183 2508 hostium

110 2640 113 2643 ¹
200 2555 288 2648 citrb
312 2555 502 2628 cadebant:
533 2552 722 2664 Vitelliani,
747 2552 890 2630 adverso
919 2554 1050 2628 lumine
1073 2557 1183 2629 collu-

200 2695 334 2765 centes,
364 2676 459 2747 velut
476 2700 522 2748 ex
546 2675 686 2750 occulto
704 2673 952 2773 jaculantibus,
982 2674 1110 2749 incauti
1127 2673 1181 2753 of·
1236 2670 1240 2679 ’

202 2791 411 2868 ferebantur.
638 2786 645 2794 ’

251 2914 388 2987 XXIV.
412 2914 554 2989 Istrou
570 2916 759 3006 Antonius,
773 2916 833 2990 ubi
847 2917 984 2991 noscere
1000 2913 1090 3008 suos,
1104 2909 1182 2990 nds-

201 3032 306 3131 cique
340 3055 487 3131 poterat,
521 3035 605 3110 alios
639 3038 772 3135 pudore
801 3042 835 3112 δι
867 3036 1014 3136 probris,
1053 3040 1182 3111 multos

201 3155 306 3229 laude
330 3160 364 3229 δι
383 3157 535 3246 hortatu,
565 3183 687 3231 omnes
714 3156 774 3255 spe
794 3157 1031 3256 promissrsque
1057 3184 1179 3233 accen·

198 3276 300 3367 dens,
320 3284 349 3321 “
367 3304 427 3351 cur
451 3277 518 3351 rari
533 3276 746 3378 sumpsrllent
763 3303 859 3352 arma
873 3278 912 3352 ?’'
961 3281 1179 3356 Pannonicas

200 3397 356 3496 legiones
388 3398 632 3497 interrogabat.
697 3400 824 3472 “Illos
857 3401 924 3472 effe
952 3425 1111 3498 campos,
1142 3400 1178 3473 in

176 3520 231 3559 “‘
249 3517 377 3617 quibus
406 3520 543 3593 abolere
572 3522 689 3593 labem
720 3518 843 3617 prioris
870 3519 1085 3618 ignominiae,
1119 3521 1180 3595 ubi

200 3639 440 3738 “reciperare
459 3639 605 3739 gloriam
619 3634 788 3736 pollent.”
836 3638 934 3713 Tum
952 3643 996 3714 ad
1016 3644 1181 3714 Moeficos

202 3759 400 3850 conversus,
426 3767 454 3804 “
473 3758 646 3860 principes
663 3759 888 3859 auctoresque
910 3763 1018 3837 beIIi”
1040 3760 1176 3832 ciebat:
1289 3863 1297 3878 ο

657 3881 694 3952 Ν
719 3906 744 3972 4
