2806 4694
257 368 305 444 50
461 336 505 417 C.
546 340 815 416 Counssu
858 341 1069 418 Tserrr·

254 515 292 590 in
318 540 398 589 eum
426 513 604 588 iracundia
620 514 806 605 exercitbs,
824 478 1008 615 tamquam
1029 514 1176 608 crimen,
1198 542 1241 593 ac
1319 604 1321 610 y

201 642 204 649 ’
256 662 343 711 mox
371 635 520 724 iusidias,
545 636 697 711 Fonteio
710 636 875 735 Capitoni
892 636 1079 712 struxisset.
1131 640 1242 714 Grata

231 751 325 831 'erat
345 756 515 829 memoria
532 757 737 855 Capitonis:
766 761 799 831 br
829 758 923 857 apud
942 757 1122 833 saevientes
1143 761 1240 834 occis

254 879 335 951 dere
364 879 492 975 palam,
519 877 695 976 ignoscere
722 904 794 951 non
831 878 891 953 nisr
919 877 1073 953 sallendo
1103 879 1240 963 licebat.

257 1000 310 1073 Ita
339 999 496 1073 custodi&
526 998 685 1072 habitus:
714 1005 748 1074 ὅτ
775 1000 852 1096 post
877 999 1059 1075 victoriam
1076 1001 1239 1093 demum,

249 1117 365 1193 stratis
387 1117 465 1217 jam
487 1118 640 1192 militum
669 1119 772 1209 odiis,
796 1110 951 1193 dimissus
968 1120 1029 1194 est.
1078 1120 1240 1212 Interim,

173 1330 176 1333 Ι
254 1259 296 1332 ut
315 1237 508 1336 piaculum,
535 1237 698 1336 objicitur
726 1238 882 1312 centurio
906 1237 1095 1337 Crispinus,
1125 1243 1187 1342 qui
1207 1242 1242 1317 se

253 1361 421 1460 sanguine
443 1360 623 1457 Capitonis
648 1379 913 1435 cruentaverat:
939 1386 1052 1458 eoque
1069 1365 1103 1434 δι
1126 1363 1241 1460 postu·

253 1482 407 1557 lantibus
429 1480 651 1572 manifestior,
677 1485 712 1554 Sc
738 1481 893 1580 punienti
917 1481 1020 1555 vilior
1041 1480 1119 1558 fuit.

304 1604 407 1676 LIX.
432 1593 577 1698 Jucrus
605 1601 734 1676 deinde
761 1601 884 1676 Civilis
904 1587 1062 1700 periculo
1091 1629 1239 1703 exemp·

253 1741 322 1815 tus,
349 1742 546 1821 praepotens
569 1722 658 1798 inter
680 1727 842 1814 Batavos,
874 1749 919 1797 ne
952 1723 1123 1822 supplicio
1166 1724 1241 1823 ejus

254 1843 354 1918 ferox
372 1869 458 1941 gens
474 1841 690 1919 alienaretur.
740 1847 788 1918 Et
808 1865 906 1919 erant
927 1844 965 1918 in
988 1845 1128 1920 civitate
1148 1846 1240 1920 Lin-

257 1990 392 2069 gonum
416 1966 497 2038 ouo
526 1969 741 2040 Batavorum
767 1968 942 2057 cohortes,
966 1965 1243 2064 quartaedecimae

254 2084 404 2185 legionis
432 2084 576 2177 auxilia,
605 2107 683 2161 tum
706 2086 878 2162 discordia
907 2108 1109 2184 temporum
1138 2113 1160 2161 a
1190 2088 1241 2163 le-

257 2209 364 2307 gione
390 2207 571 2306 digressae:
599 2227 704 2305 prout
732 2207 961 2298 inclinassent,
999 2208 1133 2306 grande
1161 2233 1240 2284 mo·

254 2350 429 2420 mentum,
455 2327 554 2402 sociae
571 2348 632 2402 aut
647 2317 813 2404 adversa.
840 2327 1238 2420 Nonium,Donatium,
1318 2397 1321 2405 ,

255 2432 471 2539 Romilium,
502 2449 747 2547 Calpurnium,
785 2449 1018 2540 centuriones,
1044 2450 1240 2548 dequibus

239 2571 358 2666 -suprir
386 2569 582 2660 retulimus,
604 2544 719 2643 occidi
736 2569 844 2669 jussit,
867 2570 1050 2646 damnatos
1066 2570 1148 2643 fidei
1172 2570 1237 2644 cri-

119 2688 154 2745 ’-
257 2689 367 2777 mine,
398 2690 597 2790 gravissimo¹
632 2689 720 2762 inter
757 2688 991 2764 desciscentes.
1052 2689 1241 2766 Accessere

259 2808 417 2905 partibus
453 2811 610 2885 Valerius
644 2810 828 2900 Asraticus‚
862 2811 1015 2910 Belgicae
1051 2810 1240 2909 provinciae

258 2931 406 3026 legatus,
443 2957 549 3028 quern
579 2958 666 3006 mox
689 2930 854 3005 Vitellius
880 2928 1052 3030 generumx
1072 2930 1214 3005 adscivit
1228 2933 1255 3007 ε’
1312 2996 1320 3002 .

256 3054 290 3123 δι
308 3050 434 3145 Junius
450 3052 588 3141 Blaesus,
603 3054 850 3149 Lugdunensis
869 3053 994 3127 Galliae
1011 3053 1136 3144 rector,
1156 3078 1241 3131 cum

256 3172 378 3249 Italicis
401 3173 555 3271 legione,
579 3177 613 3246 bc
638 3175 691 3247 alal
711 3175 878 3264 Taurini,
898 3173 1071 3273 Lugduni
1091 3176 1239 3249 tenden-

255 3290 360 3367 tibus.
410 3294 489 3365 Nec
523 3291 559 3364 iu
594 3292 739 3367 Raeticis
773 3295 884 3393 copiis
913 3322 1026 3389 mora,
1053 3295 1260 3394 quominus‘

233 3413 373 3493 ,statim
409 3410 690 3508 adjungerentur.
724 3396 798 3488 'Ne
830 3416 866 3489 in
889 3416 1065 3492 Britanni&
1094 3415 1241 3516 quidem

258 3533 470 3609 dubitatum.

310 3654 392 3727 LX.
417 3652 621 3725 Passum
645 3653 841 3729 Trebellius
857 3656 1056 3751 Maximus,
1080 3684 1143 3758 per
1158 3683 1240 3732 ava·

258 3775 370 3852 sitiam
397 3775 431 3847 δε
456 3768 571 3845 sordes
595 3793 818 3874 contemptus
843 3777 1011 3855 exercitui
1035 3778 1241 3880 invisusque.
