2820 4694
347 323 759 416 His-ronrnnum
791 335 905 418 Lrn.
936 337 1001 409 1v.
1099 336 1170 436 263

185 534 333 603 nomen,
350 511 597 609 Agrippinerfis
612 530 832 585 vocarentur.
885 510 991 586 Caesae
1014 513 1174 587 cohortes

183 657 325 724 eorum,
352 630 391 706 in
419 631 501 706 vico
529 631 761 722 Marcoduro,
791 629 990 706 incuriosius
1017 652 1173 730 agentes,

186 754 273 856 quia
306 755 430 852 procul
455 751 531 850 ripi
558 754 713 826 aberant.
766 752 847 826 Nee
881 750 1042 848 quievere
1070 752 1175 843 Ubii,
1284 815 1287 821 λ

186 875 375 976 quominus
401 874 536 973 praedas
568 871 809 984 eGermanial
838 891 1014 969 peterem:
1059 871 1175 970 primo
1215 895 1218 902 ·

187 993 359 1096 impune:
380 994 463 1071 dein
484 992 713 1068 circumventi
731 991 823 1082 sunt,
842 1019 904 1090 per
919 1018 1026 1068 omne
1042 993 1079 1068 id
1100 995 1174 1068 bel-
1260 1013 1262 1017 ·

188 1122 266 1194 lum
279 1114 482 1192 melioreufi
500 1115 584 1206 fide,
598 1115 707 1213 quim
723 1112 872 1190 fortuni.
909 1115 1068 1191 Contusrs
1080 1115 1173 1190 Ubi·

189 1241 232 1332 is,
252 1237 406 1339 gravior,
431 1241 464 1310 &
483 1233 631 1310 successu
648 1260 765 1310 rerum
781 1233 930 1311 ferocior
946 1236 1083 1330 Civilis,
1111 1240 1177 1314 ob·-

189 1360 316 1440 srdium
337 1358 519 1457 legionum
546 1359 720 1455 urgebat3
750 1356 891 1430 intentis
915 1358 1094 1450 custodiis,
1130 1384 1176 1450 ne

189 1480 271 1580 quis
295 1480 453 1554 occultus
470 1477 613 1552 nuntius
630 1476 801 1557 venientis
828 1478 948 1555 auxilii
972 1499 1178 1578 penetraret.

189 1600 378 1678 Machinas
409 1582 621 1700 molemque.
648 1622 799 1697 operum
834 1599 969 1674 Batavis
1008 1602 1175 1700 delegat:

189 1723 473 1798 Transrhenanos
499 1727 526 1764 “
548 1713 740 1818 proeliutn''
763 1718 953 1818 poscentes,
977 1723 1069 1798 “ad
1089 1720 1177 1796 scin-

190 1850 222 1891 “
240 1843 401 1918 dendum
434 1843 569 1923 vallum
593 1841 659 1932 ire,
685 1840 921 1940 detrusosque,
947 1842 1178 1942 redintegrare
1275 1944 1277 1947 v

191 1971 222 2008 “
241 1964 442 2041 certamen''
460 1961 584 2059 jubet3
612 1961 793 2061 superante
814 1963 1053 2057 multitudine,
1073 1963 1176 2044 arfa.
1281 1940 1283 1957 ¹

80 2156 81 2159 ,
189 2085 249 2161 cili
270 2085 427 2160 damno:
455 2109 520 2157 nec
543 2084 652 2157 finem
669 2083 779 2158 labori
801 2110 875 2159 nox
899 2086 1024 2163 attulit.

237 2206 379 2283 XXIX.
404 2205 629 2280 Coronsrrs
647 2203 780 2279 citcdm
803 2204 921 2303 lignis,
945 2208 1176 2304 accenfisqtre,

95 2383 97 2390 s
189 2327 292 2405 simul
318 2327 512 2425 epulantes,
544 2311 754 2424 utquisque
786 2323 872 2399 vino
903 2323 1106 2422 incaluerat,
1131 2328 1178 2400 ad

190 2472 352 2547 pugnarn
373 2445 566 2520 temeritate
586 2445 683 2520 inani
703 2444 913 2522 serebantur.
959 2445 1105 2546 Qrippe
1122 2446 1178 2545 ip-

190 2569 309 2643 sorum
340 2566 410 2651 tela
438 2591 500 2665 per
526 2568 686 2642 tenebras
711 2593 826 2652 rana:
853 2567 1018 2654 Romani
1043 2564 1179 2665 conspi-

192 2713 299 2763 cuam
321 2689 548 2765 barbarorum
576 2687 702 2780 aciem,
728 2692 810 2768 &st
840 2689 918 2788 quis
934 2687 1090 2779 audacil,
1119 2707 1181 2764 aut

193 2804 388 2905 infignibus
417 2808 603 2905 effulgens,
629 2810 674 2882 ad
703 2807 814 2884 ictum
841 2810 1068 2886 destinabant.
1117 2811 1178 2883 In·

101 2915 106 2920 ’
190 2930 371 3006 tellectum
387 2927 425 3002 id
441 2927 576 3015 Civili;
600 2934 634 2989 ,“
654 2933 704 3020 δι,
727 2930 888 3011 restinsio
914 2931 1011 3031 igne,
1044 2929 1178 3007 misceri

194 3056 224 3095 “
240 3047 366 3125 cuncla
377 3046 528 3124 tenebris
545 3052 580 3123 δι
591 3049 716 3126 armis''
730 3048 841 3146 jubet.
889 3053 989 3131 Turn
1000 3051 1180 3127 verostre·

193 3168 288 3270 pitus
310 3167 451 3258 dissoni,
476 3167 570 3243 casus
585 3169 722 3261 incerti,
747 3196 864 3270 neque
880 3170 1039 3264 feriendi,
1064 3198 1181 3274 neque
1250 3171 1253 3179 ’

192 3288 395 3367 declinandi
422 3289 653 3387 providentia.
701 3292 812 3366 Unde
837 3292 979 3371 clamorw
994 3293 1180 3386 acciderat,

127 3477 130 3481 .
194 3411 433 3512 circumagere
449 3434 609 3508 corpora,
624 3412 768 3487 tendere
779 3438 901 3488 arcus:
920 3411 1007 3487 nihil
1024 3415 1182 3512 prodesse
1283 3438 1288 3452 ²

193 3533 318 3624 virtus,
336 3530 407 3610 fora
427 3534 554 3611 cuneta
575 3535 728 3626 turbare,
744 3536 779 3607 δι
795 3533 1005 3632 ignavorum
1020 3533 1111 3635 saepe
1127 3555 1180 3610 te·

195 3651 237 3728 lis
251 3652 420 3737 fortissimi
445 3656 582 3731 eadere.
631 3656 747 3754 Apud
762 3657 972 3749 Germanos,
986 3652 1181 3732 inconsulta

195 3771 269 3856 irat
285 3778 472 3861 Romanus
493 3777 608 3873 miles,
627 3776 863 3879 periculorum
881 3804 1023 3881 goarus,
1041 3778 1181 3857 ferratas

646 3902 671 3976 S
693 3901 728 3993 4=
