2844 4704
265 343 338 415 144
497 317 1069 395 C.Cortnaa11Trcrr1

261 520 461 594 properans,
495 496 635 595 gliscere
675 497 820 573 famam·
838 497 913 596 ipso
941 465 1051 596 spatio
1083 496 1237 572 finebatt

257 610 389 714 gnarusx
403 616 557 691 modicas
575 618 662 692 vires
685 620 759 710 fibi,
785 623 818 691 ἃ
843 616 970 716 majora
985 617 1080 692 credi
1091 668 1093 674 -
1106 619 1152 690 de
1166 619 1238 690 ‘ab-

256 735 416 811 sentibus.
463 725 530 811 'sed
548 738 642 837 legio
663 740 770 830 sexta,
796 732 829 812 a
853 738 1021 812 tredecim
1039 736 1239 812 vexillario-

63 922 64 929 ,
148 958 157 968 ἢ
255 883 336 931 rum
355 856 477 953 millia,
496 859 629 957 ingenti
641 860 781 957 agmine
797 858 1036 956 sequebantur.
1086 859 1239 931 Clallem

256 981 420 1068 ePonto,
438 981 645 1075 Byzantium
658 976 926 1076 adigijullerat:
951 979 1137 1078 ambiguus
1154 989 1240 1052 con·

236 1098 334 1188 ¹filii,
362 1124 449 1172 num
476 1098 600 1172 omissa
619 1103 760 1189 Moesta,
788 1099 1018 1195 Dyrrachium
1042 1097 1159 1195 pedite
1185 1118 1239 1169 at-

258 1244 328 1316 que
345 1218 475 1316 equite,
494 1221 594 1293 fimul
611 1220 725 1316 longis
742 1220 892 1294 navibus
904 1220 1038 1293 versum
1055 1220 1091 1291 in
1102 1219 1240 1294 Italiam

258 1367 355 1416 mare
381 1340 569 1429 clauderet,
588 1344 673 1413 'tuta
703 1365 797 1440 pone
821 1359 962 1437 tergum
986 1339 1120 1413 Achaia
1144 1343 1242 1414 Asrd·
1305 1352 1308 1356 ’

175 1546 179 1560 s
260 1489 348 1560 que:
376 1488 462 1560 quas
489 1460 639 1545 inermes
667 1460 798 1558 exponi
829 1459 984 1551 Vitellio,
1015 1460 1051 1532 ni
1079 1459 1243 1557 praesrdiis

259 1587 501 1658 firmarentur:
545 1602 650 1680 atque
682 1581 794 1679 ipsum
828 1579 1008 1668 Vitellium
1039 1579 1077 1651 in
1110 1579 1245 1652 incerto

259 1702 349 1795 fore,
375 1730 481 1803 quam
499 1724 634 1800 partem
656 1701 761 1774 ltaliae
786 1720 996 1799 protegeret,
1015 1703 1038 1773 fi
1056 1699 1116 1772 sibi
1131 1702 1243 1772 Brun·

259 1826 385 1899 difium
416 1828 696 1920 Tarentumque,
733 1820 966 1897 &Lucaniae
1001 1821 1242 1920 Calabriaeque

221 2024 223 2030 ,
260 1944 376 2034 litora,
395 1943 523 2033 infestis
548 1943 704 2016 classibus
722 1954 932 2040 peterentur.

229 2092 231 2096 ·
308 2066 517 2140 LXXXIV.
542 2066 684 2137 Imrun
702 2063 859 2153 navium,
878 2065 1043 2154 militurn,
1062 2088 1242 2139 armorum

260 2208 380 2285 paratu
409 2187 557 2282 strepere
580 2184 779 2282 provinciae.
829 2187 895 2259 Sed
923 2185 1009 2259 nihil
1034 2185 1134 2282 aeque
1162 2183 1241 2284 fati·

260 2311 380 2407 gabat,
408 2307 521 2404 'quam
537 2285 766 2404 pecuniarum
783 2305 1011 2404 conquisitio:
1043 2312 1070 2346 “
1090 2329 1149 2378 eos
1174 2306 1248 2400 effe,

261 2435 289 2471 “
308 2427 389 2502 belli
405 2426 517 2501 civilis
535 2430 683 2501 nervos''
699 2428 861 2501 dictitans
873 2426 1080 2522 Mucianus,
1100 2404 1171 2497 iron
1182 2422 1243 2520 jus
1325 2414 1327 2423 Α

259 2570 319 2624 aut
336 2574 460 2622 verum
476 2548 513 2621 in
529 2548 803 2646 cognitionibus,
826 2546 884 2620 sed
902 2545 1009 2620 solam
1029 2529 1243 2643 magnitudi-
1282 2646 1285 2650 ¹,

259 2695 343 2743 nem
353 2684 470 2767 'opum
486 2668 682 2767 spedabat:
711 2670 831 2767 paffim
848 2667 1061 2752 delationes;
1087 2670 1119 2739 δι
1146 2665 1243 2754 locu·

260 2788 461 2883 pletiffimus
478 2788 622 2887 quisque
638 2790 674 2862 in
691 2791 844 2887 praedam
868 2788 1040 2885 correpti:
1070 2813 1148 2885 quae
1167 2812 1245 2885 gra-

259 2907 318 2980 via
340 2930 445 3007 atque
461 2910 689 3000 intoleranda,
708 2908 766 2983 sed
780 2912 971 2984 neceffitate
987 2894 1163 2982 armorum
1181 2932 1243 2981 ex·

260 3024 389 3115 cusata,
414 3029 518 3103 etiam
542 3032 578 3103 in
603 3056 688 3127 pace
717 3034 895 3115 mansdre3
928 3028 1000 3125 ipso
1024 3027 1244 3123 Vespafiano,
1284 3070 1286 3073 -

260 3143 350 3216 inter
364 3145 461 3221 initia
476 3150 628 3247 imperii,
648 3151 692 3232 ad
709 3149 918 3223 obtinendas
936 3149 1133 3246 iniquitates
1150 3148 1246 3219 haud

262 3262 408 3362 perinde
434 3269 650 3342 obstinanter
681 3270 808 3359 donec,
833 3269 1051 3367 indulgentia
1083 3269 1243 3355 fortunae,

208 3475 211 3485 Ι
264 3388 298 3456 δε
328 3386 439 3479 pravis
470 3390 656 3488 magistris,
691 3390 828 3480 didicit,
859 3388 1025 3488 aususque
1051 3390 1109 3462 est.
1157 3391 1245 3460 Pro-

261 3501 345 3603 priis
370 3529 511 3602 quoque
540 3509 667 3605 opibus
684 3509 873 3584 Mucianus
891 3511 1023 3583 bellum
1045 3508 1153 3608 juvit,
1178 3508 1245 3578 lar-

261 3648 330 3724 gus
347 3623 525 3718 privatim,
551 3629 646 3723 quod
664 3631 798 3704 avidius
821 3632 866 3702 de
889 3630 1070 3725 republica
1086 3628 1256 3703 sumeret.-

195 3818 197 3825 ,
263 3743 376 3820 Ceteri
400 3743 686 3822 conferendarum
714 3749 941 3848 pecuniarum
965 3751 1171 3850 exemplum
1191 3746 1242 3842 se·
1281 3737 1289 3747 ’
