2820 4694
273 371 347 440 240
507 341 1078 419 C.Conurr11Tnc1rr

272 517 575 612 conclamationes,
604 525 639 595 ὅτ
662 523 799 595 fortuna
821 539 931 620 captae
954 519 1075 597 urbis:
1099 514 1197 593 'aded
1213 532 1252 596 ut

270 641 462 717 Othoniani
480 639 728 740 Vitellianique
745 640 864 715 militis
888 639 1056 721 invidiosa
1073 661 1172 714 antea
1188 664 1249 738 pe·

269 765 411 839 rulantia
423 762 684 868 desideraretur.
733 763 851 836 Duces
874 763 1037 860 partium,
1055 763 1250 836 accenden-

252 886 315 958 do
339 882 432 958 civili
449 882 543 956 bello
567 908 676 973 acres,
705 883 942 979 temperandae
967 883 1121 956 vidoriae
1137 884 1250 979 impa-

267 1032 342 1078 res:
369 1004 502 1102 quippe
518 1003 554 1075 in
579 1003 746 1076 turbas&
764 1001 949 1076 discordias
967 1007 1110 1100 peffimo
1125 1005 1253 1102 cuique

238 1144 240 1148 ’
268 1124 421 1224 plurima
436 1123 511 1196 vis:
541 1146 610 1220 pax
628 1125 662 1196 &
681 1122 779 1220 quies
795 1125 897 1197 bonis
915 1121 1045 1198 artibus
1063 1125 1233 1225 indigent.¹

317 1248 364 1318 ll.
389 1245 541 1318 Nomen
560 1241 749 1342 sedemque
765 1243 920 1335 Caesaris,
949 1245 1171 1320 Domitianus
1192 1273 1250 1320 ac·

269 1347 434 1465 ceperat3
452 1365 611 1438 nondum
627 1366 672 1439 ad
690 1392 788 1439 curas
806 1364 971 1455 intentus,
996 1365 1053 1438 sed
1070 1365 1191 1464 stupris
1217 1371 1252 1440 δι

269 1479 451 1561 adulteriis
470 1486 601 1589 ‘filium
642 1485 814 1584 Principis
854 1489 993 1586 agebat.
1047 1486 1266 1577 Praefectura

209 1654 214 1659 -
270 1605 437 1707 praetorii,
452 1632 557 1703 penes
575 1606 721 1682 Arrium
738 1609 873 1682 Varum
890 1636 899 1681 ε
919 1606 1056 1682 summa
1074 1609 1250 1706 potentiae,

268 1728 306 1801 in
335 1728 455 1801 Primo
485 1728 667 1802 Antonio:
698 1727 726 1802 is
752 1729 938 1827 pecuniam
961 1726 1199 1828 familiamque
1231 1755 1252 1802 e

267 1847 439 1947 Principis
464 1848 589 1940 domo,
615 1854 709 1948 quasi
726 1850 994 1924 Cremonensem
1012 1851 1180 1948 praedam,
1196 1877 1249 1924 ra-

267 1995 350 2068 pere
366 1996 383 2059 εῚ
401 1968 503 2042 ceteri
519 1969 701 2061 modestis,
719 1968 775 2044 v'el
789 1971 1020 2070 ignobilitate,
1046 1992 1086 2045 ut
1101 1972 1138 2044 in
1159 1946 1252 2044 bello

267 2089 417 2181 obscuri,
436 2089 485 2163 ita
502 2091 727 2189 praemiorum
741 2114 910 2189 expertes.
960 2091 1091 2164 Civitas
1103 2091 1249 2188 pavida,

269 2218 303 2288 δι
329 2211 464 2286 servitio
489 2232 620 2309 parata,
651 2220 678 2255 “
696 2212 857 2310 occupari
892 2214 1093 2286 redeuntem
1123 2214 1256 2285 Tarra·

269 2342 298 2381 “
316 2336 394 2410 cin&
414 2337 461 2408 L.
479 2332 658 2407 Vitellium
677 2359 760 2407 cunr
777 2323 989 2425 cohortibus,
1003 2334 1251 2433 exstinguique
1288 2340 1290 2343 ’

269 2464 299 2501 “
316 2457 448 2555 reliqua
483 2455 607 2547 belli‚''
643 2455 849 2553 postulabat.
899 2453 1064 2528 Praemillr
1094 2454 1253 2529 Ariciam

267 2578 424 2677 equites:
445 2589 447 2594 '
465 2601 592 2676 agmen
626 2576 808 2675 legionum
846 2577 935 2650 intra
966 2576 1116 2649 Bovillas
1146 2576 1251 2651 stetit.
1348 2658 1352 2668 Ι

170 2759 173 2766 ,
266 2699 346 2773 Nec
363 2701 541 2774 cundatus
564 2698 612 2771 est
628 2696 804 2788 Vitellius,
829 2695 933 2794 seque
957 2702 989 2771 &
1013 2699 1172 2771 cohortes
1199 2722 1253 2770 ar-

179 2855 185 2859 ·’
229 2844 231 2847 ’
265 2820 372 2894 bitrio
388 2819 527 2895 nidoris
544 2819 754 2918 permittere.
805 2818 852 2892 Et
865 2819 963 2892 miles
980 2817 1252 2928 inseliciaxarma,

267 2942 363 3014 haud
380 2941 496 3015 minirs
513 2941 580 3032 irs,
600 2941 709 3039 quim
726 2961 822 3014 metu
841 2939 978 3040 abjecit.
1028 2942 1177 3039 Longus
1194 2942 1255 3012 de·

266 3061 419 3136 ditorum
436 3065 537 3158 ordO,¹
563 3060 676 3159 septus
693 3061 847 3150 armatis,
875 3087 936 3159 per
952 3064 1091 3136 Urbem
1109 3060 1252 3135 incessit.

204 3166 206 3173 '
265 3181 385 3257 Nemo
402 3181 546 3282 supplici
562 3185 676 3272 vultu,
688 3178 745 3254 sed
762 3181 867 3255 tristes
885 3188 918 3256 &
933 3202 1059 3274 truces,
1075 3188 1108 3257 &
1128 3185 1252 3256 adver·

266 3300 344 3375 sitm
362 3304 497 3400 plausus
521 3331 561 3379 ac
587 3302 759 3378 lasciviam
783 3301 976 3377 insultantis
1001 3303 1098 3403 vulgi
1121 3303 1252 3375 immo-

173 3405 181 3422 ’
264 3420 369 3494 biles:
398 3450 524 3520 paucos
542 3449 726 3522 erumpere
736 3422 847 3516 ausos,
858 3423 1068 3522 circumjecti
1080 3419 1251 3521 presserer

187 3571 189 3579 ·
266 3541 370 3615 ceteri
396 3541 432 3613 in
463 3545 655 3618 custodiam
684 3546 828 3620 conditi.
878 3539 979 3619 Nihil
998 3545 1180 3643 quisquam
1197 3545 1255 3616 lo·

265 3683 364 3738 cutus
381 3661 582 3759 indignum,
596 3670 644 3755 ὅτ,
660 3692 875 3765 quamquam
893 3666 980 3737 inter
992 3665 1145 3757 adversa,
1160 3666 1254 3738 salva

240 3784 400 3859 'virtutis
424 3783 529 3858 sama.
579 3785 672 3858 Dein
690 3791 736 3861 L.
762 3786 921 3862 Vitellius
938 3786 1161 3876 interficitur,
1189 3811 1254 3885 par
