2766 4658
198 356 317 429 ,304
383 422 384 427 Ἰ
449 333 489 402 C.
521 330 793 402 Conuartr
828 329 1037 402 Tncrrr
1080 356 1103 426 ss

213 507 215 515 ’
292 503 462 575 LXXIII.
489 506 588 576 Mox
606 503 776 573 Treveros
798 526 838 574 ac
855 498 1051 595 Lingonas,
1076 497 1121 569 ad
1139 523 1227 571 con·

241 622 378 695 cionem
407 644 559 711 vocatos,
595 622 643 693 ita
673 621 897 718 adloquitur:
945 619 1121 715 “Neque
1153 644 1226 715 ego

243 748 456 837 “umquam
490 739 689 816 facundiam
724 741 886 825 exercui3
922 743 957 810 lla
989 738 1113 835 populi
1146 742 1226 811 Ro·

238 868 269 940 f‘
288 851 381 934 mani
399 860 564 934 virtutem
581 861 685 934 armis
710 861 891 933 affirmavi.
941 861 1008 933 Sed
1028 859 1110 955 quia
1127 859 1225 956 apud

241 988 267 1022 “
286 1007 349 1054 vos
375 985 487 1057 verba
511 982 702 1077 plurimum
733 983 865 1069 valent,
896 983 1057 1075 bonaque
1073 1006 1113 1053 ac
1131 981 1226 1051 mala

238 1108 357 1174 “non
387 1099 446 1174 sud
473 1105 608 1189 naturlr,
628 1100 687 1175 sed
704 1101 850 1174 vocibus
880 1098 1111 1173 seditiosorum
1135 1098 1224 1176 asti.-

239 1230 267 1263 “
288 1218 454 1308 mantur3
486 1221 585 1300 statui
614 1248 723 1318 pauca
740 1222 911 1310 disserere,
929 1247 1024 1317 qua,
1036 1219 1227 1327 profligato

172 1370 174 1375 ’
242 1349 271 1385 “
291 1343 400 1432 bello,
424 1341 540 1415 utilius
566 1344 603 1414 stt
620 1342 719 1417 vobis
735 1341 879 1433 audisse,
903 1342 1014 1439 quim
1029 1334 1131 1414 nobis
1147 1339 1227 1413 dirr-

244 1468 273 1506 “
292 1463 364 1536 isse.
402 1464 549 1535 Terram
567 1463 728 1552 vestram,
747 1484 1017 1559 ceterorumque
1029 1462 1228 1552 Gallorum,

245 1592 275 1626 “
294 1584 431 1689 ingressi
464 1583 542 1656 sunt
583 1584 688 1656 duces
729 1580 1023 1680 imperatoresque
1057 1581 1226 1671 Romani,

245 1710 273 1746 “
293 1705 389 1777 nulla
407 1704 586 1800 cupidine,
619 1703 676 1777 sed
705 1703 890 1801 majoribus
916 1703 1035 1776 vestris
1059 1702 1225 1774 invocan-

244 1831 272 1914 ‘.‘
290 1823 396 1910 tibus,
429 1849 517 1919 quos
543 1822 721 1900 discordiae
740 1825 846 1922 usque
870 1825 914 1897 ad
938 1823 1086 1898 exitium
1104 1821 1226 1920 fatiga-

243 1950 271 1984 “
291 1937 400 2016 bant:
430 1943 586 2017 &acciti
616 1944 748 2018 auxilio
770 1945 951 2034 Germani,
981 1943 1079 2017 soriis
1105 1943 1230 2041 paritet

242 2070 269 2119 ‘³‘
288 2083 394 2161 atque
419 2062 575 2138 hostibus
604 2064 800 2167 servitutem
833 2063 1074 2162 imposuerant.
1127 2064 1229 2161 Qiot

241 2191 270 2226 “
290 2184 420 2283 proeliis
437 2186 600 2259 adversus
617 2186 780 2259 Cimbros
797 2183 1058 2281 Teutonosque,
1088 2183 1227 2280 quantis

242 2306 503 2382 “exercituum
528 2307 724 2380 nostrorum
749 2306 939 2395 laboribus,
957 2329 1072 2401 quove
1095 2326 1227 2376 eventu
1266 2363 1272 2374 .

243 2436 270 2471 “
291 2427 501 2501 Germanica
537 2429 629 2501 bella
665 2426 938 2516 traslaverimus,
971 2424 1048 2498 satis
1080 2425 1228 2498 clarum.

244 2556 271 2592 “
290 2550 368 2621 Nec
386 2547 465 2620 ideo
485 2549 654 2621 Rhenum
673 2546 875 2636 insedimus,
893 2568 932 2620 ut
955 2546 1087 2620 ltaliam
1113 2566 1227 2619 tuere-

244 2677 270 2711 “
291 2694 370 2742 mur
388 2697 396 2742 :
428 2666 545 2743 sedne
563 2667 741 2766 quisalius
767 2666 975 2756 Ariovistus,
1005 2692 1114 2764 regno
1142 2667 1230 2738 Gal-

197 2792 202 2797 ’
243 2797 270 2832 “
289 2788 413 2863 liartrm
439 2787 618 2885 potiretur.
670 2792 730 2860 An
755 2812 819 2860 vos
845 2787 990 2865 cariores
1007 2786 1112 2860 Civili
1129 2789 1229 2860 Bata-

244 2918 270 2952 “
290 2908 408 3008 visque
428 2906 743 2981 &Transrhenanis
763 2907 927 3006 gentibus
946 2907 1101 2997 creditis,
1121 2908 1232 3005 quiam

243 3038 270 3072 “
291 3027 476 3127 majoribus
505 3036 626 3104 eorum
644 3050 756 3126 patres
782 3029 912 3126 avique
935 3029 1037 3102 vestri
1058 3027 1228 3102 suerunt?

243 3151 425 3223 “Eadem
456 3148 589 3247 semper
618 3148 717 3223 causa
746 3150 929 3223 Germanis
960 3148 1229 3222 transcendendi

244 3267 328 3338 “in
350 3269 495 3359 Gallias,
525 3270 635 3345 libido
661 3289 765 3367 atque
795 3269 952 3359 avaritia,
983 3275 1016 3343 δι
1049 3270 1230 3342 mutandae

242 3394 271 3431 “
290 3385 375 3460 sedis
391 3416 511 3461 amor:
539 3411 579 3462 ut
596 3390 720 3463 relidis
738 3389 969 3488 paludibus&
987 3387 1231 3461 solitudinibus

243 3516 270 3552 “
290 3504 367 3593 suis,
405 3506 684 3583 secundissrmum
718 3513 786 3585 hoc
820 3510 946 3597 solum,
977 3506 1105 3604 vosque
1135 3505 1231 3602 ipsos

244 3624 508 3726 “possiderem
558 3630 725 3703 Ceterum
750 3631 901 3718 libertas,
930 3624 1137 3723 &speciosa
1163 3654 1229 3702 no·

245 3761 271 3801 “
292 3747 385 3827 mina
412 3764 674 3840 praetexuntur:
707 3777 770 3827 nec
789 3749 970 3849 quisquam
990 3747 1144 3826 alienum
1163 3747 1229 3831 set*
