2844 4704
252 341 320 416 180
381 435 382 438 Ἴ
482 315 1042 416 cenwalnum

253 522 281 559 “
300 516 335 590 in
363 519 435 588 sinu
459 515 701 614 praefedlorum
729 519 993 616 legatorumque
1014 515 1112 590 fore·
1148 520 1222 591 Ex-

241 643 279 739 .“
297 654 458 733 pugnatae
474 635 568 709 urbis
585 637 752 732 praedam,
769 637 815 710 ad
830 637 997 733 militem3
1020 636 1162 727 deditae,
1178 638 1224 710 ad

248 756 398 828 “duces
419 754 627 852 pertinere.’'
675 759 891 853 Spernuntur
916 756 1135 831 centuriones
1159 755 1222 829 tri-

248 874 416 973 bunique,
454 900 494 948 ac
531 900 575 947 ne
607 900 680 948 vox
703 875 903 975 cujusquam
929 862 1107 969 audiatur,
1137 902 1223 974 qua·
1259 915 1292 935 -·

213 1044 217 1051 -
249 994 337 1068 tiunt
353 1019 463 1081 arma,
483 995 619 1091 rupturi
636 995 837 1091 imperium,
856 996 893 1069 ni
906 998 1089 1071 ducantur.
1139 1025 1144 1035 ·

294 1117 380 1189 XX.
405 1116 501 1186 Tou
520 1113 708 1203 Antonius,
727 1113 873 1190 inserens
889 1116 921 1190 se
944 1117 1143 1214 manipulis,
1161 1117 1224 1193 ubi

246 1234 382 1332 elpedio
408 1239 441 1307 ὅτ
465 1233 664 1307 αυᾶοτίῑαῑε
683 1234 857 1308 silentium
871 1234 1017 1310 fecerat:
1039 1240 1171 1309 “Non
1191 1236 1225 1310 se

248 1362 275 1398 “
293 1356 399 1433 decus
421 1379 534 1450 neque
550 1353 700 1449 pretium
724 1353 854 1451 eripere
871 1376 949 1429 tam
966 1359 1055 1430 bene
1073 1355 1225 1429 meritis’¹

244 1477 460 1560 affirmabat}
490 1481 517 1516 “
535 1473 592 1546 sed
614 1472 722 1551 divisa
738 1475 828 1549 inter
843 1477 1035 1551 exercitum
1052 1476 1225 1576 ducesque

251 1603 279 1648 ⁴‘
296 1594 435 1670 munia:
466 1593 634 1668 militibus
661 1596 841 1693 pugnandi
866 1596 1070 1693 cupidinem
1095 1622 1224 1670 conve·
1322 1610 1323 1616 ’

248 1724 275 1770 “
292 1715 389 1802 nire3
417 1715 524 1787 duces
548 1714 778 1810 providendo,
806 1715 1047 1805 consultando,
1082 1718 1223 1789 cunela-
1255 1747 1258 1753 ·

247 1835 387 1909 “tione
416 1834 550 1932 sapius,
583 1835 690 1932 quam
722 1837 912 1910 temeritate
943 1837 1111 1934 prodeffe.
1171 1839 1225 1909 Ut

246 1965 358 2054 “pro
380 1956 471 2030 virili
498 1955 669 2053 portione,
697 1956 800 2029 armis
834 1983 873 2031 ac
906 1983 1013 2032 mann
1042 1955 1226 2031 vietoriam

168 2116 169 2120 =
246 2086 275 2131 “
287 2075 436 2174 juverit3
463 2076 594 2150 ratione
618 2081 651 2148 lle
670 2077 823 2166 consilio,
845 2074 993 2175 propriis
1022 2077 1120 2150 ducis
1145 2073 1225 2149 arti-

246 2205 275 2251 “
294 2201 374 2289 bus,
403 2195 634 2294 profuturum.
683 2198 812 2295 Neque
833 2197 928 2271 enirn
953 2196 1119 2294 ambigua
1142 2194 1223 2286 effe,

240 2305 274 2419 ‘5‘
293 2345 371 2417 quae
397 2339 592 2407 occurrant,
617 2319 771 2407 nodem,
797 2317 976 2420 &ignota
992 2319 1093 2390 situm
1115 2314 1224 2404 urbis,

248 2449 277 2494 ⁴⁴
296 2440 387 2514 intus
406 2437 531 2528 hostes,
553 2442 587 2516 δι
613 2439 738 2511 cunda
755 2435 882 2511 infidiis
900 2455 1111 2534 opportuna:
1139 2461 1224 2524 non,

228 2544 277 2613 ‘⁴‘
295 2565 318 2634 fi
339 2578 477 2658 pateant
493 2579 615 2656 portae,
633 2558 694 2633 nisr
712 2556 905 2655 explorati),
931 2557 991 2630 nisr
1007 2556 1078 2646 die,
1096 2555 1224 2630 intran-

246 2688 274 2725 “
293 2682 391 2755 dum.
435 2685 495 2755 An
508 2680 808 2779 oppugnationem
825 2677 1063 2767 inchoaturos,
1080 2677 1228 2774 ademp-

246 2809 330 2875 “to
357 2799 454 2879 omni
482 2798 678 2899 prospedlu,
707 2799 784 2897 quis
814 2824 933 2895 aequus
952 2800 1072 2889 locus,
1098 2815 1229 2895 quanta

248 2929 276 2964 “
295 2922 443 2995 altitudo
461 2919 663 3025 moenium?
682 2915 953 2992 tormentisne&
971 2918 1060 3007 telis,
1078 2944 1123 2990 an
1141 2941 1227 3015 ope·

247 3049 273 3085 “
293 3042 388 3113 ribus
413 3044 447 3113 δι
462 3039 573 3114 vineis
589 3039 827 3138 adgredienda
842 3040 926 3112 urbs
942 3036 1030 3111 foret
1045 3039 1083 3110 ?”
1132 3039 1228 3110 Mox

243 3158 429 3233 conversus
447 3162 492 3234 ad
511 3161 674 3259 fingulos,
693 3166 821 3232 “num
837 3157 982 3248 secures,
1001 3158 1174 3249 dolabras,
1192 3161 1228 3230 δι
1320 3201 1323 3211 ·

245 3287 273 3322 “
291 3292 403 3355 cetera
415 3279 659 3378 expugnandis
675 3278 838 3368 urbibus,
852 3278 968 3352 secum
984 3278 1172 3353 attulissent
1185 3277 1227 3360 ,θ’

229 3400 427 3499 rogitabat.
479 3404 525 3473 Et
544 3401 626 3474 cum
642 3400 845 3488 abnuerent,
873 3398 1044 3497 “gladiis
1066 3398 1149 3486 ne,”
1172 3396 1226 3468 in·

247 3521 337 3622 quit,
356 3527 383 3563 “
401 3525 433 3593 &
448 3519 541 3617 pilis,
555 3518 765 3617 perfringere
783 3545 822 3594 ac
835 3519 995 3601 subruere
1013 3542 1133 3592 muros
1148 3518 1229 3591 ullae

248 3652 275 3698 ‘-‘
294 3667 416 3717 manus
438 3618 598 3737 poliunt?
651 3639 685 3711 Si
704 3664 871 3737 aggerem
886 3637 1026 3730 struere,
1053 3642 1077 3712 si
1102 3636 1230 3736 pluteis

247 3774 274 3810 “
294 3759 484 3855 cratibusve
502 3756 639 3872 protegi
656 3761 788 3833 neceffe
813 3757 928 3851 fuerit,
954 3777 994 3832 ut
1013 3759 1144 3860 vulgus
1158 3756 1226 3843 im,
