2844 4704
240 340 242 348 '
380 343 779 421 Hrsrosrrnusr
805 343 915 414 Lru.
940 322 1009 415 1112
1106 365 1173 441 179

192 510 366 607 provedla.
416 511 484 584 Sed
501 510 562 585 ubi
580 510 720 586 fortuna
735 512 856 586 contri
872 511 950 603 suit,
968 511 1041 586 non
1058 514 1172 606 laxare

187 629 342 719 ordines,
372 656 444 703 non
465 631 616 728 recipere
642 635 811 728 turbatos,
838 658 912 705 non
938 632 1083 706 obviem
1109 632 1171 723 ire,

189 752 350 848 ultroque
366 750 513 849 adgredi
531 752 677 845 hostem,
695 772 833 826 tantum
851 778 911 850 per
926 751 1075 850 spatium
1091 776 1169 825 cur·

188 870 226 944 su
246 874 280 943 dr
305 873 497 969 pugnando
521 870 668 947 sessum:
696 872 781 945 sorte
798 873 894 963 visli,
912 873 1008 948 haud
1027 869 1172 969 perinde

187 992 290 1065 rebus
322 992 492 1090 prosperis
524 994 653 1072 ducem
680 993 968 1083 desideraverant,
1001 1013 1105 1091 atque
1134 991 1172 1065 in
1308 1010 1312 1019 ’

189 1113 339 1185 adverfis
367 1113 479 1187 deesse
513 1112 767 1212 intelligebant.
834 1116 1032 1187 Nutantem
1059 1111 1172 1187 aciem

140 1284 143 1293 -
190 1230 302 1305 vislor
330 1232 504 1330 equitatus
536 1233 705 1308 incursat:
733 1238 775 1308 δι’
797 1233 994 1331 Vipstanius
1010 1234 1172 1323 Messala,
1288 1240 1291 1247 '

152 1428 165 1447 s
192 1350 366 1442 tribunus,
401 1378 483 1429 cum
511 1353 666 1427 Morsrcis
699 1353 924 1429 auxiliaribus
957 1353 1170 1451 adsequittu,

192 1497 281 1569 quos
299 1471 430 1546 militiae
448 1473 556 1571 glotis
580 1474 790 1573 legionariis,
814 1499 1031 1572 quamquam
1046 1472 1173 1570 raptim

191 1593 328 1682 dunos,
346 1597 517 1692 aquabat.
567 1598 621 1670 Ita
637 1595 770 1669 mixtus
787 1595 891 1692 pedes
908 1593 1095 1692 equesque,
1112 1618 1170 1666 ru·

190 1715 273 1810 pere
306 1707 486 1812 legionum
520 1741 660 1814 agmen.
727 1717 775 1787 Et
803 1713 999 1812 propinqua
1024 1714 1171 1787 Cremo·

189 1836 346 1906 nenfium
370 1834 517 1925 moenia,
541 1835 673 1934 quanti)
703 1837 781 1932 plus
813 1835 885 1932 spei
910 1835 955 1908 ad
983 1833 1169 1934 effugium,

191 1951 289 2026 tantd
305 1952 477 2028 minorem
489 1956 534 2029 ad
547 1956 769 2033 resrstendum
785 1954 944 2037 animum
955 1953 1098 2028 dabant.
1117 2034 1122 2041 ,

238 2073 340 2147 XIX.
365 2076 453 2148 Nnc
473 2076 651 2150 Antonius
675 2078 765 2149 ultre
795 2074 930 2165 institit,
960 2099 1096 2149 memor
1121 2075 1171 2147 la·

189 2193 282 2272 boris
297 2220 338 2268 ac
355 2198 554 2286 vulnerum,
579 2196 708 2294 quibus
724 2216 795 2269 tam
819 2220 946 2292 anceps
968 2192 1083 2291 proelii
1101 2191 1171 2269 for-
1220 2244 1223 2249 ι

187 2334 283 2406 tuna,
302 2317 464 2414 quamvis
487 2315 650 2414 prospero
667 2318 750 2407 fine,
767 2315 900 2414 equites
917 2313 1091 2411 equosque
1106 2315 1168 2386 ad-

186 2424 388 2515 flislaverat.
439 2438 667 2510 inumbrante
688 2435 839 2534 vesperas,
868 2433 1068 2508 universum
1090 2435 1169 2507 Fla·

187 2556 280 2630 viani
304 2557 479 2640 exercirbs
507 2559 615 2633 robur
648 2557 800 2632 advenit.
862 2558 985 2656 thue
1012 2555 1171 2651 cumulos

72 2726 74 2731 .
191 2673 302 2771 super,
332 2683 366 2755 δι
401 2677 552 2752 recentia
574 2679 671 2752 caede
696 2665 841 2777 vestigia
868 2675 1046 2767 incessere,
1075 2678 1169 2774 quasr

189 2793 400 2873 debellatum
417 2797 520 2887 soret,
551 2803 579 2841 ‘⁴
597 2824 740 2898 pergere
756 2801 983 2888 Cremonam,
1010 2803 1044 2872 &
1061 2797 1171 2870 vislos

190 2923 217 2958 ‘⁴
236 2913 272 2988 in
288 2915 504 2991 deditionem
522 2917 691 3016 accipere,
716 2942 775 2994 aut
791 2907 1018 3020 expugnare'’
1044 2917 1169 3018 depos·

190 3053 286 3109 cunt.
338 3037 495 3111 Haecin
519 3039 650 3129 medio,
685 3042 833 3138 pulchra
862 3041 969 3114 dislu.
1018 3041 1083 3115 Illa
1109 3039 1171 3115 fibi

190 3155 360 3256 quisque:
398 3165 426 3201 ‘⁴
445 3160 545 3232 Pnffe
571 3160 748 3234 coloniam
778 3163 885 3258 plano
910 3166 1007 3235 fitam
1035 3160 1173 3259 impetu

188 3284 218 3320 “
238 3277 329 3376 capi.
360 3279 479 3369 -Idem
497 3279 651 3354 audaciae
671 3305 732 3378 per
758 3283 916 3356 tenebras
940 3281 1171 3379 inrumpenti-

188 3404 217 3449 ⁴‘
235 3399 315 3489 bus,
345 3403 379 3472 &
408 3397 573 3499 majorem
601 3400 757 3499 rapiendi
791 3400 990 3475 licentiam:
1019 3402 1115 3501 qubd
1144 3405 1169 3476 st

188 3519 352 3594 “lucem
385 3521 623 3619 opperiantur,
654 3517 731 3618 jam
765 3546 901 3618 pacem,
924 3520 999 3620 jam
1034 3548 1167 3620 preces,

188 3645 201 3684 ⁴
206 3645 217 3686 ⁴
237 3641 271 3711 tr
288 3666 351 3738 pro
369 3642 488 3715 labore
510 3667 551 3715 ac
570 3640 785 3731 vulneribus,
803 3641 1025 3717 clementiam
1042 3646 1075 3714 δι
1091 3643 1167 3737 glo-

186 3765 216 3807 ‘⁴
232 3759 334 3853 siaiu,
353 3759 482 3852 inania,
507 3762 658 3836 laturos:
686 3759 743 3847 sed
768 3788 850 3860 opes
866 3762 1165 3849 Cremonensium,
1199 3798 1201 3800 v
1338 3757 1339 3760 ¹

656 3879 731 3954 Na
