2844 4704
370 344 1016 428 Hrsronrnnorrer.lII.'
1108 358 1171 430 181

198 525 432 626 “providum
454 527 541 601 irriti
557 527 736 617 stabimus,
765 525 984 601 altitudinem
1009 528 1171 619 turrium,
1243 605 1245 607 ,

197 654 225 692 “
244 652 278 721 &
306 648 417 721 aliena
444 647 661 722 munimenta
692 645 876 721 mirantes?
930 646 1038 745 'Qrin
1063 649 1176 744 potitis
1279 670 1310 694 ³

194 776 223 814 “
241 772 336 844 mort
359 760 471 841 noetis
486 768 600 856 unius,
624 766 776 873 advectis
791 766 972 841 tormentis
989 764 1172 840 machinis·

195 898 225 947 ‘-‘
243 916 325 989 que,
366 888 441 963 vim
479 887 731 985 victoriamque
762 885 944 961 nobiscum
977 885 1117 961 ferimus
1132 890 1174 960 ?'’·

196 1011 305 1084 Simul
318 1009 405 1083 lixas
417 1007 634 1106 calonesque,
653 1033 735 1080 cum
751 1005 984 1104 recentifftmis
999 1008 1173 1106 equitum,

195 1130 400 1204 Bebriacttm
431 1129 550 1220 mittit,
583 1126 714 1225 copias,
741 1147 922 1225 ceteraque
952 1126 1027 1201 usui
1041 1120 1172 1202 adlato·

200 1276 268 1324 ros.
852 1254 855 1259 ’
1045 1238 1063 1265 “

250 1349 354 1444 XXI.
379 1370 423 1441 In
442 1365 524 1441 vero
541 1370 632 1467 aegre
657 1370 824 1442 tolerante
848 1369 973 1461 milite,
1004 1360 1147 1468 propes
1162 1410 1175 1429 ·
1270 1453 1273 1460 ,

201 1489 370 1563 ditionem
395 1487 551 1593 ventum,⁴
579 1490 662 1562 ctlm
681 1491 843 1587 progreffi
864 1489 997 1589 equites
1019 1490 1081 1563 sub
1104 1486 1174 1587 ipsa

197 1609 341 1700 moenia,
356 1635 464 1707 vagos
480 1635 525 1682 ex
542 1611 830 1684 Cremonensibus
849 1610 1042 1707 corripiunt
1059 1639 1067 1683 :
1088 1634 1176 1707 quo·

197 1755 277 1802 rum
305 1729 436 1804 indicio
460 1729 626 1820 noscitur,
647 1736 674 1772 “
693 1728 751 1803 sex
776 1730 977 1804 Vitellianas
994 1730 1174 1828 legiones,

196 1857 224 1894 “
243 1874 458 1948 omnemque
474 1849 680 1939 exercitum,
710 1850 771 1947 qui
797 1849 955 1924 Hostiliae
972 1870 1103 1949 egerat,
1133 1873 1176 1922 eo

197 1977 225 2013 “
243 1969 317 2067 ipso
340 1969 397 2043 die
418 1969 559 2069 triginta
576 1970 686 2050 millia
702 1972 858 2067 paffuum
871 1970 1063 2060 emensum,
1077 1994 1175 2044 com·

148 2082 158 2161 Ϊ
197 2097 225 2134 “
244 2094 340 2188 perta
355 2089 493 2164 suorum
512 2091 625 2180 clade,
645 2090 679 2162 in
692 2089 858 2187 proelium
875 2090 1026 2189 accingi,
1044 2115 1084 2164 ac
1101 2088 1177 2187 jam
1227 2192 1230 2197 Ι

195 2218 224 2255 “
242 2209 398 2284 adfore.''
453 2213 487 2283 Is
513 2232 620 2285 terror
647 2211 839 2284 obstruclas
867 2231 1000 2284 mentes
1028 2197 1174 2285 consiliis
1280 2273 1283 2282 .

192 2331 292 2405 ducis
314 2331 459 2429 aperuit.
509 2331 634 2405 Sistere
663 2330 973 2406 tertiamdecimam
996 2329 1173 2428 legionem
1246 2416 1251 2430 s

193 2453 232 2525 in
255 2451 329 2551 ipso
346 2451 412 2525 viae
438 2450 625 2524 Postumiae
651 2477 779 2550 aggere
796 2450 913 2549 jubet,
939 2450 995 2524 cui
1015 2447 1178 2547 junctae

195 2573 285 2645 laevo
300 2571 443 2668 septima
466 2572 651 2662 Galbiana,
669 2572 799 2668 patenti
818 2597 944 2668 campo
968 2569 1072 2659 stetit,
1095 2569 1177 2643 deirt

197 2691 343 2786 septima
368 2691 574 2782 Claudiana,
604 2692 728 2791 agresti
757 2690 843 2765 fossi
868 2690 933 2787 (ita
962 2691 1059 2791 locus
1084 2693 1175 2786 erat)

200 2810 430 2908 praemunita3
456 2812 595 2900 dextro,
612 2813 734 2885 octava
760 2836 823 2909 per
839 2832 1000 2908 apertum
1017 2809 1177 2901 limitem,

184 2955 287 3004 mox
312 2927 425 3019 tertia,
454 2932 564 3004 densis
589 2932 731 3006 arbustis
755 2930 962 3030 intersepta:
991 2929 1047 3005 hic
1077 2932 1176 3031 aqui·

198 3053 314 3124 larum
333 3053 581 3148 signorumque
602 3052 714 3124 ordo:
745 3051 870 3125 milites
886 3052 988 3129 mixti
1006 3077 1067 3149 per
1082 3073 1176 3126 tene·

197 3175 290 3262 bras,
309 3191 347 3244 ut
364 3168 435 3243 fors
447 3172 595 3245 tulerat:
616 3170 1048 3270 praetorianumltexillum
1063 3174 1179 3271 proxi·

195 3318 296 3365 mum
314 3290 493 3379 tertianis;
511 3295 670 3367 cohortes
687 3292 914 3383 auxiliorum,
934 3293 971 3367 in
983 3294 1174 3374 cornibus:

194 3415 301 3487 latera
328 3438 369 3487 ac
393 3433 505 3510 terga,
541 3413 659 3512 equite
681 3413 907 3487 circumdata.
968 3412 1053 3487 Sido
1076 3435 1184 3512 atque.

196 3532 351 3623 Italicus,
368 3534 486 3624 Snevi,
512 3560 596 3609 curn
613 3533 754 3607 deleclis
773 3532 1013 3631 popularium,
1035 3534 1178 3634 primori

196 3653 232 3728 in
249 3653 321 3729 acie
333 3653 568 3732 versabantur.

629 3773 668 3845 N
687 3799 706 3869 3
