2844 4704
327 297 943 426 Histonium-lirun.
1055 375 1125 450 ¹39

140 531 173 572 “
188 522 287 600 mihi.
335 524 427 599 Tuae
443 524 567 600 domui
590 525 803 623 triumphale
818 548 963 614 nomen,
986 523 1059 600 duo
1068 525 1127 624 ju·

30 658 37 665 '
139 655 169 697 “
187 672 307 737 venes,
335 670 448 744 capax
457 643 533 745 jam
551 645 687 744 imperii
705 636 804 736 alter,
835 651 870 720 δε
893 645 1013 745 primis
1036 647 1127 720 mili·

30 843 35 863 ‚
139 776 173 839 “.
186 768 242 843 tiae
271 766 371 841 annis
398 768 493 864 apud
526 765 757 842 Germanicos
786 791 930 875 quoque
955 765 1128 842 exercitur

141 896 169 935 “
186 890 311 963 clarus.
362 886 566 962 Absurdum
590 885 703 978 fuerit,
730 914 803 962 non
829 889 954 963 cedere
981 888 1129 986 imperio

25 1070 26 1073 ,
78 1054 82 1067 -
142 1015 171 1052 “
191 1009 235 1098 ei,
258 1005 358 1105 cujus
375 1008 867 1106 filiumnadoptaturuseffem,
887 1013 910 1083 sr
927 1005 999 1107 ipse
1014 1008 1127 1106 impe·

140 1136 169 1174 “
187 1154 313 1203 rarem·
362 1129 530 1206 Ceterum
547 1128 726 1220 internos
742 1155 815 1203 non
832 1129 929 1204 idem
954 1129 1128 1229 prospera·

141 1253 169 1297 “
187 1276 266 1326 rum
292 1247 582 1348 adversarumque
601 1275 721 1336 rerum
746 1250 835 1323 drdo
855 1250 931 1324 erit.
981 1254 1079 1327 Nam
1104 1255 1129 1327 Ii
1149 1298 1156 1315 ,

107 1420 111 1426 «
140 1376 170 1415 “
187 1370 375 1460 vincimus,
408 1374 593 1460 honorem,
630 1391 737 1467 quem
769 1370 919 1460 dederis,
961 1372 1125 1447 habebo:

142 1490 375 1565 “discrimen
395 1518 441 1566 ac
462 1491 615 1590 pericula
635 1517 681 1564 ex
703 1517 808 1589 aequo
830 1491 1026 1590 patiemur:
1057 1491 1126 1568 irn-

142 1619 172 1657 “
189 1638 264 1702 m0‚
285 1631 323 1687 ut
348 1613 472 1686 melius
495 1613 556 1702 est,
582 1632 623 1686 tu
648 1615 712 1685 hos
728 1613 900 1686 exercitus
917 1637 1011 1710 rege,
1039 1614 1127 1689 mihi

141 1741 170 1778 “
189 1737 338 1824 bellum,
364 1740 397 1809 a
428 1732 633 1831 proeliorum
661 1733 793 1807 incerta
819 1734 929 1807 trade.
978 1732 1127 1810 Acriore
1161 1814 1166 1823 ’

139 1862 168 1900 “
186 1855 294 1929 hodie
327 1853 506 1952 disciplina
532 1854 629 1945 viui,
665 1856 773 1953 quim
807 1854 955 1929 vidores
987 1877 1125 1954 agunt:

139 1983 168 2020 “
186 1978 249 2051 hos
277 1974 339 2066 ira,
363 1976 499 2067 odium,
529 1973 672 2050 ultionis
694 1974 867 2073 cupiditas
890 1957 936 2050 ad
960 1975 1127 2054 virtutem

140 2098 346 2199 “accendit
362 2126 371 2171 ε
399 2097 449 2171 illi
467 2123 528 2196 per
544 2096 719 2189 fastidium
737 2096 1047 2172 &contumaciam
1065 2100 1126 2173 he*

139 2227 168 2263 “
186 2219 338 2294 bescunt.
389 2218 534 2317 Aperiet
567 2223 602 2291 &
634 2219 792 2292 recludet
820 2219 980 2292 comedia
1010 2224 1044 2294 dc
1067 2240 1124 2294 tu·

135 2346 163 2384 “
181 2338 366 2414 mescerrtia
391 2337 597 2446 ¹vidiricium
619 2338 781 2436 'partium
811 2340 957 2414 vulnera
984 2339 1120 2419 bellum

50 2476 53 2480 ’
139 2467 168 2506 “
184 2460 310 2559 ipsum.
360 2459 442 2535 Nec
459 2458 548 2534 mihi
572 2456 682 2557 major
698 2459 736 2533 in
752 2462 813 2536 tud
828 2459 1023 2560 vigilantii,
1049 2486 1127 2559 par·

137 2587 166 2625 “
183 2581 350 2673 cimonid,
376 2578 556 2689 sapiendi,
582 2579 712 2655 fiducia
727 2581 789 2673 est,
808 2582 918 2681 quam
935 2582 972 2657 in
989 2581 1125 2677 Yitellii

57 2738 61 2743 2
115 2691 168 2744 '“
185 2719 340 2800 torpore,
368 2700 513 2793 inscitia,
542 2700 683 2776 saevitia.
716 2705 801 2778 'Sed
828 2707 862 2776 &
884 2703 1126 2780 meliorem'iu
1247 2748 1251 2753 1

139 2827 167 2865 “
186 2823 280 2895 bello
296 2819 445 2910 causam,
465 2823 573 2920 quam
589 2823 625 2897 in
644 2849 729 2923 pace
747 2828 942 2902 habemus:
963 2824 1128 2925 namqui

138 2948 167 2985 “
184 2940 392 3031 deliberant,
409 2941 641 3018 desciverunt.

186 3063 394 3138 LXXVIII.
420 3065 520 3161 Posr
538 3065 697 3142 Muciani
720 3068 915 3143 orationem
940 3068 1045 3143 ceteri
1064 3095 1126 3144 au·

135 3182 278 3258 dentiirs
292 3184 553 3280 circumfistere‚
567 3195 595 3230 “
607 3187 663 3262 res
657 3187 765 3286 ponsa
780 3209 916 3280 vatum,
930 3195 963 3263 δι
979 3191 1128 3264 siderum

139 3313 168 3350 “
186 3309 327 3381 motus''
351 3305 484 3382 referre.
533 3311 612 3383 Nec
645 3303 717 3383 erat
750 3309 897 3387 intastus
920 3310 980 3383 tali
1009 3309 1127 3409 super·

136 3426 287 3519 stitione,
316 3447 356 3503 ut
383 3430 445 3527 qui
470 3456 571 3521 mox,
598 3456 714 3504 rerum
740 3431 918 3521 dominus,
941 3433 1127 3508 Seleucum

135 3551 341 3645 quemdam,
371 3551 674 3640 mathematicum,
700 3553 871 3635 restorem
890 3539 929 3624 a
943 3551 1125 3650 praescium

136 3670 253 3767 palam
275 3670 448 3745 habuerit.
498 3670 738 3745 Recursabant
754 3670 875 3746 animo
898 3696 1018 3747 vetera
1033 3671 1124 3746 omi-

134 3814 197 3866 na:
230 3793 406 3892 cupreffus
430 3793 533 3868 arbor
550 3789 590 3866 in
604 3790 696 3892 agris
719 3789 807 3890 ejus,
831 3792 1019 3892 conspicua
1043 3789 1122 3865 alti·
1183 3820 1193 3839 ⁸
