2806 4694
355 371 766 445 Hrsronr'nnum
800 358 975 442 Lirnl.
1071 359 1165 470 '3'72

172 540 339 631 cohortis,
357 568 378 616 a
394 544 508 617 Galblr
525 543 688 619 custodiae
709 540 840 615 Pisonis
863 540 1017 631 additus,
1041 541 1158 636 strislo
1228 521 1237 531 κ

175 661 345 761 pugione,
364 687 545 738 occurrens
561 663 714 753 armatis,
745 666 779 735 δι
801 661 913 735 scelus
927 663 1157 758 exprobrans,

176 807 218 855 ac
234 782 344 855 modb
367 809 489 874 manu,
514 783 625 857 modi>
650 807 752 873 voce,
782 783 950 856 vertendo
971 782 1006 854 in
1027 780 1060 854 se
1082 808 1157 879 per-

177 904 341 993 ouffores,
377 929 595 1002 quamquam
629 905 811 975 vulnerato
841 902 956 976 Pisoni
989 897 1160 1000 effugium
1199 919 1203 925 “

176 1024 286 1101 dedit.
336 1024 416 1097 Piso
433 1025 469 1097 in
486 1026 602 1098 aedem
619 1022 732 1096 Vestae
750 1025 909 1119 pervasit,
928 1020 1161 1119 exceptusque

179 1143 415 1242 misericordis
432 1143 565 1241 publici
582 1142 684 1232 servi,
709 1147 743 1215 ἃ
762 1143 992 1217 contubernio
1009 1141 1081 1240 ejus
1097 1146 1159 1217 ab·

179 1263 289 1354 ditus,
316 1290 389 1336 non
415 1264 598 1362 religione,
623 1290 685 1337 nec
713 1263 934 1353 caerimoniis,
955 1261 1013 1338 sed
1034 1266 1163 1337 latebra

115 1460 119 1467 ‚
182 1380 374 1456 imminens
387 1383 533 1457 exitium
549 1383 744 1457 disserebat:
766 1385 848 1456 clun
861 1384 1045 1473 advensre,
1059 1383 1164 1457 'millu

180 1502 347 1591 Othonis,
366 1503 572 1576 nominatim
590 1503 627 1576 in
645 1505 778 1577 caedem
797 1502 868 1601 ejus
892 1504 1064 1594 ardentes,
1085 1504 1162 1576 Sul·

180 1623 292 1721 picius
312 1625 449 1713 Florus,
482 1650 502 1698 e
526 1624 729 1697 Britannicis
755 1624 971 1711 cohortibus,
1000 1647 1112 1722 nuper
1142 1650 1164 1696 a

180 1745 296 1817 Galba
315 1744 454 1818 civitate
470 1746 633 1834 donatus,
659 1745 835 1818 &Statius
853 1747 1017 1833 Murcus,
1042 1743 1165 1842 specu·

182 1867 294 1937 lator:
326 1891 347 1938 a
374 1864 501 1962 quibus
530 1868 726 1962 protraslus
750 1864 841 1956 Piso,
866 1865 901 1937 in
923 1864 1053 1938 foribus
1077 1867 1166 1940 temss

183 1984 234 2081 pli
258 1984 456 2059 trucidatur.
1112 1999 1114 2003 ’

233 2107 369 2179 XLIV.
394 2109 431 2179 N
437 2131 578 2180 vinnm
608 2088 742 2181 caedem
766 2109 863 2180 Otho
889 2107 1018 2204 majore
1048 2107 1165 2182 laetitin

182 2212 369 2323 excepisse,
391 2228 530 2300 nullum
556 2248 661 2322 caput
689 2243 760 2300 tarn
786 2226 1032 2303 insatiabilibus
1057 2229 1166 2302 oculis

183 2346 396 2443 perlustrasse
412 2346 558 2420 dicitur:
585 2346 641 2419 seu
664 2367 740 2419 tum
765 2348 918 2445 primbm
936 2351 1048 2422 levata
1064 2350 1163 2423 omni

91 2448 93 2460 ’
166 2443 413 2541 'sollicitudine
429 2491 544 2557 mens,
559 2492 685 2540 vacare.
692 2468 819 2566 gaudio
836 2490 1010 2566 coeperat:
1036 2469 1093 2543 seu
1114 2494 1167 2542 re-

185 2589 341 2662 cordatio
357 2586 544 2687 majestatis
556 2588 592 2662 in
610 2590 738 2680 Galbl,
756 2591 916 2664 amicitiae
932 2591 969 2664 in
985 2593 1032 2663 T.
1046 2591 1165 2682 Vinio,

187 2709 348 2804 quamvis
375 2708 550 2783 immitem
570 2708 729 2782 animum
759 2710 912 2809 imagine
933 2711 1020 2785 tristi
1042 2711 1178 2785 consu·
1255 2714 1260 2720 ’
1327 2774 1334 2788 t

186 2829 296 2900 derat.
345 2829 487 2917 Pisonis,
511 2850 550 2903 ut
572 2829 703 2903 inimici
726 2834 760 2903 &
779 2831 910 2920 aemuli,
934 2831 1166 2921 caedelaetari,

181 2944 242 3045 jus
265 2944 384 3044 fasque
401 2948 573 3021 credebat.
621 2952 770 3023 Praefixa
788 2948 899 3024 contis
917 2951 1032 3048 capita
1055 2951 1166 3048 gesta-

186 3072 326 3158 bantur,
349 3066 440 3140 intcr
456 3070 550 3167 figna
568 3069 782 3159 cohortium,
802 3068 907 3168 juxta
931 3070 1099 3168 Aquilam
1118 3073 1166 3146 le-

189 3188 315 3286 gionis,
334 3188 491 3276 certatim
508 3189 758 3265 ostentantibus
775 3210 931 3263 cruentas
945 3217 1082 3280 manus,
1107 3188 1170 3289 qul

187 3308 400 3398 occiderant,
428 3309 489 3408 qui
513 3309 749 3401 interfuerant,
775 3309 836 3409 qui
862 3311 957 3403 vere,
982 3310 1043 3409 qui
1067 3310 1168 3407 salsi),

187 3448 226 3502 ut
258 3431 445 3527 pulchrum
479 3435 514 3505 δι
549 3432 781 3505 memorabile
810 3431 954 3525 facinus,
978 3430 1169 3530 jaelabant.

189 3551 309 3625 Plures
336 3552 444 3648 qulam
479 3571 621 3627 centum
649 3555 683 3624 δι
714 3550 840 3650 viginti
866 3553 1003 3628 libellos
1031 3553 1171 3650 praemia

189 3666 468 3765 exposcentium,
494 3657 548 3745 ob
558 3671 712 3768 aliquam
729 3673 922 3747 notabilem
935 3674 993 3748 ills
1011 3673 1068 3747 die
1084 3696 1169 3768 ope-

164 3814 279 3881 dam,
330 3789 492 3878 Vitellius
521 3790 639 3891 postea
658 3790 828 3875 invenit:
858 3792 1052 3892 'omnesque
1085 3817 1170 3878 con.

249 3982 252 4017 ι
655 3913 692 3999 D-
718 3939 737 4016 s
