2820 4694
356 357 750 431 Historiarum
792 351 989 425 Lialv.
1087 353 1157 448 283

190 540 317 597 raretur
333 549 421 621 opus
435 524 519 626 saxo
534 546 677 613 aurove,
704 525 740 597 in
756 524 849 598 aliud
865 525 1045 597 destinato.
1094 525 1161 598 Al·

189 643 304 718 titudo
325 645 459 719 adibus
474 644 615 743 adjedla
665 644 709 735 ld
721 642 829 718 solum
847 643 970 742 religio
985 644 1159 716 adnuere:
1206 657 1208 661 '

104 790 109 799 ’
190 767 225 837 &
245 764 363 861 prioris
380 766 504 862 templi
522 763 787 862 magnificentie
810 761 954 836 defuille
975 761 1161 854 creditum,

190 911 264 982 quo
277 905 372 960 tanta
388 884 439 958 vis
453 885 637 958 hominum
655 884 831 957 retinenda
847 905 930 957 erat.

195 1068 197 1075 .
236 1006 335 1078 LIV.
362 1011 526 1078 Auorrn
553 1004 688 1077 interim
714 1030 774 1100 per
791 1005 923 1078 Gallias
947 1002 1163 1078 Germanias·

191 1151 261 1222 que
280 1150 376 1199 mors
389 1125 520 1197 Vitellii
543 1125 777 1221 duplicaverat
798 1125 940 1197 bellum.
990 1126 1086 1197 Nam
1103 1123 1164 1195 Ci-

193 1245 284 1334 vilis,
297 1243 419 1319 omissa
434 1232 709 1331 dissimulatione,
723 1244 759 1317 in
778 1246 947 1341 populum
961 1248 1164 1317 Romanurn

192 1390 302 1438 ruere.
352 1364 545 1438 Vitellianae
580 1365 735 1462 legiones
768 1367 824 1437 vel
851 1386 1035 1438 externum
1065 1365 1163 1438 servi·

192 1484 298 1573 tium,
340 1485 447 1582 quim
481 1488 732 1582 Imperatorem
747 1461 752 1484 ⁸
768 1482 1011 1580 Vespasianum
1049 1487 1164 1559 malle.

193 1605 287 1678 Galli
308 1604 506 1679 sustulerant
526 1605 672 1693 animos,
703 1605 865 1678 camdem
885 1605 1016 1704 ubique
1033 1605 1164 1679 exerci-

89 1796 95 1805 .
191 1747 290 1799 tuum
317 1725 512 1798 nostrorum
537 1723 819 1799 fortunamrati:
847 1726 991 1823 vulgato
1012 1751 1164 1823 rumore,

178 1855 219 1933 ⁴5‘
238 1846 436 1929 aSarmatis
458 1845 633 1943 Dacisque
650 1849 798 1919 Moesrca
822 1871 860 1918 ac
889 1843 1088 1919 Pannonica
1114 1846 1185 1919 ni-'

193 1974 220 2010 “
240 1969 345 2040 berna
365 1966 598 2039 circumsideri
616 1968 653 2037 :”
682 1966 774 2063 paria
795 1966 839 2038 de
862 1966 1034 2040 Britannid
1056 1970 1167 2066 finge-

193 2090 329 2160 bantur.
378 2088 446 2159 Sed
461 2086 547 2159 nilril
570 2086 686 2184 reque,
713 2088 820 2182 quam
838 2087 1039 2160 incendium
1060 2087 1165 2184 Capi·
1257 2089 1262 2103 ¹

190 2208 278 2296 mlii,
297 2228 333 2285 ut
352 2209 459 2281 finem
478 2207 623 2303 imperio
640 2207 752 2279 adeffe
765 2207 955 2295 crederent,
974 2207 1167 2303 impulerat.

190 2337 218 2385 4‘
236 2330 386 2425 Capram
402 2327 487 2401 olim
505 2352 526 2399 a
543 2327 652 2402 Gallis
664 2328 801 2400 Urbem
811 2355 821 2411 ;
845 2323 902 2399 sed
918 2325 1052 2424 integral
1068 2328 1168 2422 Jovis

193 2457 221 2494 “
239 2448 331 2537 sede,
362 2448 518 2521 manfilse
552 2447 748 2544 imperium.
797 2438 908 2519 Fatali
941 2472 1034 2521 nunc
1067 2446 1165 2549 igne,

193 2575 221 2611 “
239 2572 374 2666 signum
389 2566 532 2640 caelestis
555 2568 611 2641 irae
635 2568 769 2657 datum,
796 2572 829 2640 δι
855 2569 1092 2664 poffeffronem
1115 2594 1167 2640 re.

194 2694 221 2731 “
240 2713 316 2759 rum
340 2689 569 2760 humanamm
589 2687 822 2784 Transalpinis
846 2686 1006 2786 gentibus
1029 2707 1169 2784 porten-

194 2811 222 2850 “
240 2805 315 2894 di,”
343 2805 575 2907 superstitione
600 2812 688 2880 vana
712 2809 856 2882 Druidae
878 2811 1059 2882 canebant.
1108 2811 1168 2880 ln-

193 2929 402 3024 celleratque
424 2926 514 3001 fama
541 2927 708 3025 primores
731 2928 935 3017 Galliarum,
961 2933 1007 3003 ab
1027 2931 1170 3003 Othone

193 3048 354 3120 adversus
370 3045 561 3120 Vitellium,
578 3047 709 3137 miffos,
737 3070 923 3146 antequam
944 3050 1167 3148 digrederen-

193 3189 262 3257 tur,
286 3165 471 3264 pepigiffe,
495 3175 522 3208 “
540 3192 584 3239 ne
601 3169 750 3241 deeli'ent
768 3169 931 3257 libertati,
957 3173 980 3242 fi
997 3173 1171 3268 populum

195 3296 223 3331 “
241 3291 445 3362 Romanum
467 3287 630 3360 continua
654 3289 825 3361 bellorum
843 3287 999 3362 civilium
1021 3291 1169 3366 series&

194 3416 222 3457 “
240 3408 375 3483 interna
391 3409 482 3480 mala
499 3406 711 3505 fregillent.’'

242 3531 322 3603 LV.
349 3534 464 3603 Aura
482 3526 598 3601 Flacci
623 3527 823 3600 Hordeonii
840 3530 972 3603 cadem
989 3531 1074 3604 nihil
1092 3556 1168 3628 pro-

195 3650 302 3744 rupit,
339 3675 409 3748 quo
442 3647 635 3746 conjuratio
668 3646 924 3746 intelligeretur.
985 3648 1169 3724 Intersedlo

94 3844 102 3862 ,
197 3769 417 3864 Hordeonio,
461 3770 705 3846 commeavdre
741 3767 855 3842 nuntii
897 3770 984 3844 inter
1021 3768 1169 3842 Civilem
