2806 4694
320 361 732 437 Hrsronrnnuu
766 361 878 434 Lrn.
911 362 989 435 L·
1094 391 1136 466 ¹3

152 537 306 628 stitione,
334 561 375 612 ac
403 536 542 611 lascivia
574 536 770 634 discordem
800 540 833 608 δι
866 535 1050 628 mobilem,
1085 539 1138 611 in.
1165 547 1174 555 “

152 659 258 735 sciam
284 660 419 756 legum,
446 656 603 756 ignaram
637 657 899 755 magistratuum
926 658 1026 730 domi
1059 659 1139 730 reti-

152 806 246 854 nere.
297 781 458 877 Regebat
485 799 561 851 tum
579 777 742 850 Tiberius
760 779 963 850 Alexander
988 772 1141 879 ejusdem

152 898 310 974 nationis.
361 896 495 987 Africa,
508 925 547 972 ac
567 897 721 995 legiones
740 897 775 968 in
793 902 844 986 ed,
859 896 1038 970 interfedo
1055 898 1140 970 Clo·

109 1050 115 1063 ·
149 1021 213 1094 dio
230 1023 372 1109 Macro,
398 1041 571 1104 contentae
589 1017 839 1116 qualicumque
855 1015 1031 1113 Principe,
1063 1016 1141 1114 post
1159 1047 1165 1053 ·

153 1140 438 1238 experimentum
466 1139 602 1211 domini
633 1137 786 1211 minoris.
836 1139 927 1213 Duae
957 1140 1139 1219 Maureta·

74 1294 75 1297 ¹
152 1261 232 1351 niae,
256 1261 387 1350 Raetia,
404 1260 593 1348 Noricum,
611 1258 776 1348 Thracia,
807 1262 840 1329 ἃ
860 1285 940 1355 quae
957 1257 1032 1331 aliae
1060 1284 1139 1354 pro-

152 1380 375 1457 curatoribus
407 1379 625 1469 cohibentur,
657 1400 695 1453 ut
727 1379 856 1476 cuique
886 1377 1054 1450 exercitui
1087 1378 1141 1450 vi-

152 1501 259 1590 cinae,
286 1499 334 1574 ita
352 1501 385 1572 in
402 1496 585 1589 favorem,
601 1510 663 1573 aut
679 1499 817 1588 odium,
843 1500 1004 1572 contactu
1024 1497 1142 1575 valen·
1200 1566 1204 1575 .
1243 1498 1266 1554 ’-
1289 1482 1293 1491 ’

152 1622 278 1695 tiorum
295 1623 498 1718 agebantur.
548 1623 701 1695 lnermes
728 1619 930 1717 provincia,
950 1642 1054 1716 atque
1071 1618 1158 1716 ipsa,

108 1804 117 1813 ,
160 1741 198 1816 in
229 1741 348 1838 primis
375 1741 488 1829 ltalia,-
516 1740 730 1838 cuicumque
757 1738 892 1835 servitio
908 1743 1076 1837 exposrta,
1105 1741 1143 1813 in

157 1861 307 1960 pretium
323 1861 406 1934 belli
423 1863 562 1936 celsurae
588 1882 696 1934 erant.
748 1863 823 1934 Hic
840 1858 906 1933 fuit
926 1886 1039 1934 rerum
1065 1865 1141 1936 Ro-

154 2007 339 2075 manarum
364 1982 483 2072 status,
514 1983 597 2055 clim
628 1982 699 2054 Ser.
726 1983 840 2054 Galba
861 1980 1006 2070 iterum,
1037 1982 1142 2065 Titus

155 2102 279 2178 Vinius
296 2099 464 2211 consules,
485 2103 693 2177 inchoavdte
709 2128 841 2175 annum
867 2102 927 2175 fibi
950 2102 1133 2194 ultimum,

156 2224 356 2321 reipublicae
375 2225 484 2323 prope}
504 2222 720 2322 supremum.

207 2348 290 2421 XII.
319 2349 474 2421 Pnocrs
504 2345 582 2444 post
610 2344 785 2418 Kalendas
813 2344 989 2439 Januarias
1018 2326 1143 2418 diebus

103 2566 105 2574 θ
155 2467 318 2566 Pompeii
334 2465 546 2564 Propinqui,
567 2464 812 2563 procuratoris,
839 2464 1141 2572 eBelgicdliterae

155 2586 359 2679 afferuntur,
387 2585 612 2684 “superioris
635 2585 832 2660 Germaniae
855 2585 1023 2686 legiones,
1042 2589 1144 2682 rupta

154 2713 183 2751 “
202 2707 404 2803 sacramenti
420 2707 623 2797 reverentii,
642 2709 891 2804 Imperatorem
909 2707 1017 2780 allum
1036 2706 1139 2805 flagi·

161 2831 191 2869 “
210 2845 296 2915 tare,
327 2834 359 2902 tc
387 2828 516 2902 senatui
537 2853 578 2902 ac
601 2830 734 2925 populo
762 2831 929 2903 Romano
957 2826 1142 2901 arbitrium

158 2944 365 3044 “eligendi
389 2946 623 3043 permittere,''
650 2947 722 3046 quo
747 2945 869 3022 seditio
891 2945 1030 3020 mollitis
1052 2948 1142 3022 acci·

160 3087 312 3164 peretur.
362 3066 556 3141 Maturavit
579 3093 619 3142 ea
634 3094 685 3142 res
709 3067 892 3142 consilium
908 3070 1047 3158 Galba,
1070 3068 1146 3167 jam

160 3187 297 3285 pridem
317 3187 363 3260 de
378 3187 568 3284 adoptione
583 3190 700 3264 secum
726 3192 860 3262 &curn
879 3187 1048 3283 proximis
1068 3191 1144 3288 agi-

158 3307 272 3383 tantis.
321 3310 407 3385 Non
424 3307 502 3389 sane
526 3310 681 3405 crebrior
698 3311 770 3383 tota
791 3306 933 3386 civitate
950 3307 1061 3385 sermo
1084 3337 1147 3407 per

160 3427 239 3511 illos
257 3425 388 3504 menses
404 3428 543 3505 firerat:
573 3429 730 3528 primum
760 3428 912 3518 licentia,
938 3454 978 3503 ac
1003 3429 1146 3506 libidine

158 3550 240 3629 talia
251 3550 436 3649 loquendi,
449 3550 532 3625 dein
549 3549 632 3624 fessi
642 3547 718 3647 jam
731 3569 829 3623 aetate
847 3551 982 3624 Galba.
1022 3553 1145 3627 Paucis

153 3664 343 3766 judicium,
366 3691 427 3744 aut
444 3670 643 3770 reipublicae
656 3697 781 3745 amor:
806 3671 908 3745 multi
921 3664 1057 3745 occulta
1073 3670 1150 3768 spe,

160 3813 268 3897 prout
282 3791 362 3898 quis
380 3792 515 3876 amicus
532 3793 587 3867 vel
605 3791 725 3885 cliens,
752 3791 846 3878 hunc
863 3795 920 3876 vel
946 3793 1046 3871 illum
1068 3817 1145 3869 ant·
