2806 4694
341 327 943 413 Hrsrontnttoern.l.
1092 357 1133 433 31

158 516 340 590 trahantur
360 518 592 612 compositum
609 515 823 610 auctumque
840 535 1031 599 rumorem,
1050 513 1142 586 mix·

159 637 206 710 tis
226 633 302 734 jam
325 633 547 724 Othonianis,
574 634 635 733 qui
664 635 710 706 ad
732 631 952 705 evocandum
974 632 1142 723 Galbam,

157 758 237 831 laeta
252 748 339 829 falsb
353 755 589 854 vulgaverint.
899 831 902 844 Ι

211 878 367 951 XXXV.
393 878 490 949 Tou
505 864 589 948 verb
606 898 678 946 non
694 875 844 972 populus
856 876 1057 963 tantum&
1077 875 1142 948 im·
1236 913 1238 924 =

160 998 269 1095 petita
291 999 390 1096 plebs
411 997 448 1070 in
472 996 624 1095 plausus,
655 998 688 1066 δε
714 996 906 1069 immodica
933 994 1059 1084 studia,
1087 994 1146 1068 sed

160 1119 323 1218 equitum
349 1118 518 1217 plerique,
546 1142 587 1190 ac
608 1113 819 1206 senatorum,
842 1120 949 1214 polito
974 1137 1070 1190 metu
1093 1116 1145 1189 in-

161 1239 269 1329 cauti,
298 1238 450 1313 refractis
480 1236 595 1334 palatii
619 1235 762 1327 foribus,
792 1263 890 1310 ruere
912 1238 1019 1327 intus,
1040 1264 1083 1312 ac
1114 1236 1148 1311 se

161 1353 293 1433 Galbae
306 1360 487 1448 ostentare,
507 1366 535 1400 “
549 1376 752 1455 praereptum
771 1357 832 1432 fibi
850 1357 1045 1432 ultioncm'’
1060 1383 1147 1455 quea

162 1500 291 1554 rentes.
341 1479 581 1575 lgnavisfimus
607 1477 766 1576 quisque,
797 1482 845 1569 &,
874 1500 913 1551 ut
937 1504 988 1551 res
1012 1479 1147 1568 docuit,
1179 1452 1184 1471 i

164 1595 204 1673 in
220 1599 374 1698 periculo
390 1624 460 1671 non
484 1599 640 1688 ausurus,
664 1598 765 1672 nimii
784 1598 914 1688 verbis,
940 1598 1070 1696 linguae
1096 1596 1147 1673 fe·

165 1745 283 1794 roces:
315 1744 421 1792 nemo
448 1716 543 1808 scire,
579 1723 613 1791 δι
648 1742 771 1792 omnes
798 1718 989 1791 affirmare:
1033 1720 1148 1793 donec

163 1840 282 1938 inopil
298 1841 383 1929 veri,
410 1844 443 1912 δι
469 1833 633 1914 consensu
657 1838 848 1913 errantium
865 1839 992 1930 victus,
1008 1837 1150 1939 sumpto
1200 1900 1202 1904 .

165 1964 320 2051 thorace,
350 1963 477 2051 Galba,
496 1961 647 2035 inruenti
664 1964 789 2053 turbae,
814 1984 931 2058 neque
948 1981 1062 2053 aetate,
1088 1987 1150 2034 ne·

165 2108 238 2181 que
267 2108 409 2180 corpore
437 2083 565 2173 fistbns,
589 2080 669 2155 sella
698 2084 879 2154 levaretur.
937 2080 1089 2172 Obvius,
1114 2081 1151 2154 in
1206 2141 1208 2144 ⁴

165 2203 292 2301 palatio
316 2204 429 2298 Julius
462 2202 601 2276 Atticus
629 2201 836 2299 speculator,
864 2221 1048 2275 cruentum
1074 2203 1149 2298 gla·

164 2325 264 2397 diurn
288 2324 476 2414 ostentans,
504 2328 532 2365 “
550 2321 703 2395 occisum
720 2348 740 2394 a
755 2318 788 2396 se
804 2320 1008 2395 Othonem'’
1034 2324 1150 2395 excla·
1231 2381 1234 2393 .

168 2444 287 2518 rnavit.
340 2447 387 2517 Et
405 2444 535 2533 Galba,
562 2450 590 2484 “
605 2442 850 2534 Commilito,''
873 2441 1001 2540 inquit,
1025 2449 1053 2485 “
1073 2442 1152 2539 quis

169 2573 199 2608 “
209 2562 301 2664 jullrt
312 2567 353 2639 ?''
371 2564 497 2664 infigni
515 2563 635 2638 animo
650 2564 696 2636 ad
720 2566 951 2638 coercendam
969 2562 1154 2637 militarem

168 2685 360 2775 licentiam,
390 2685 603 2759 minantibus
630 2685 837 2783 intrepidus,
868 2683 1030 2760 adversus
1055 2686 1153 2759 blan·

167 2803 304 2878 dientes
321 2804 546 2902 incorruptus.

222 2925 399 2998 XXXVI.
426 2927 552 2998 Hann
568 2927 685 3002 dubiae
703 2925 834 3024 jamin
858 2924 975 2999 castris
991 2926 1154 3000 omnium

168 3066 328 3130 mentes;
369 3045 551 3144 tantusque
581 3050 701 3137 ardor,
733 3066 872 3119 utnon
905 3047 1060 3120 contenti
1088 3074 1152 3144 ag-

170 3166 281 3256 mine,
310 3171 346 3239 &
369 3169 582 3266 corporibus,
611 3168 648 3242 in
672 3161 849 3265 suggestu,
880 3163 1011 3264 inquo
1035 3169 1154 3264 paullo

171 3287 253 3360 ante
286 3313 389 3363 aurea
416 3291 539 3363 Galbae
573 3289 684 3363 statua
714 3286 838 3377 fuerat,
868 3287 1027 3361 medium
1061 3287 1153 3361 inter

172 3411 269 3508 signa
292 3409 474 3483 Othonem
503 3409 641 3482 vexillis
668 3408 934 3482 circumdarent.
984 3408 1064 3481 Nec
1092 3407 1154 3480 tri-

74 3530 76 3534 ’
170 3530 287 3621 bunis,
318 3551 378 3603 aut
406 3529 682 3617 centurionibus,
710 3528 864 3602 adeundi
886 3530 1000 3602 locus:
1029 3553 1154 3626 grega·
1265 3504 1283 3567 ,'

170 3651 244 3726 rius
269 3651 369 3725 miles
394 3649 574 3725 “careri''
590 3646 729 3746 insuper
757 3656 783 3691 “
803 3650 1025 3746 praeposrtos’'
1049 3645 1154 3745 jube·
1180 3685 1182 3689 ·

174 3773 249 3847 bat.
296 3773 456 3872 Strepere
476 3771 602 3846 ctmcta
622 3768 845 3863 clamoribus,
870 3774 902 3844 δι
928 3768 1095 3856 tumultu,
1119 3767 1154 3836 δι
