2766 4658
241 355 315 436 334
442 327 1040 441 ssCwConuncrrTncrrr

236 506 431 586 exercitum
460 505 600 583 decima
627 532 679 594 ex,
705 502 878 603 Hispania
909 504 1004 605 legio
1037 500 1232 603 supplevit·

239 626 586 706 Civili-Chaucorum
610 625 740 702 auxilia
761 626 909 708 venere:
938 652 1009 701 non
1026 645 1146 703 tamen
1161 653 1229 702 au-

230 749 294 826 ,sus
305 748 437 847 oppida
447 752 659 826 Batavorum
677 747 781 823 armis
797 747 894 840 tueri,
913 748 1031 845 raptis,
1046 775 1126 848 quae
1144 746 1232 823 ferri

234 886 413 968 poterant,
440 868 558 945 ceteris
574 868 700 968 injee'to
715 868 804 969 igni,
822 869 858 943 in
878 869 1020 945 insulam
1036 868 1229 956 conceffit3

229 1018 365 1090 ‘gnams
386 991 499 1066 deeffe
516 1014 622 1064 naves
646 990 830 1069 efficiendo
848 990 963 1088 ponti,
986 1016 1098 1088 neque
1122 1016 1227 1064 exer-

228 1114 348 1189 citum
367 1116 573 1188 Romanum
587 1109 684 1185 aliter
699 1108 972 1191 transmissurum
987 1139 996 1185 :
1021 1112 1105 1209 quin
1123 1111 1228 1186 &di-

238 1233 308 1307 ruit
321 1234 467 1322 molem,
487 1257 508 1304 a
524 1231 638 1305 Druso
649 1233 863 1305 Germanico
880 1230 1022 1323 facum,
1035 1233 1227 1308 Rhenum·

239 1380 438 1451 queprono
453 1354 554 1427 alveo
566 1352 600 1427 in
617 1353 769 1427 Galliam
787 1373 959 1442 ruentem,
982 1350 1134 1454 disjectis
1146 1378 1227 1453 quae

215 1478 476 1564 morabantur,
502 1473 637 1550 effudit.
686 1473 742 1548 Sic
760 1475 857 1546 velut
876 1474 1001 1548 abacto
1029 1500 1147 1564 amne,
1174 1494 1229 1548 te·
1309 1476 1312 1481 ’

229 1596 317 1671 nuis
338 1597 468 1686 alveus,
486 1593 632 1668 insulam
649 1593 747 1686 inter·
755 1594 1018 1692 Germanosque
1031 1595 1227 1669 continen-

229 1715 327 1792 tium
348 1737 519 1791 terrarum
547 1714 696 1814 speciem
724 1712 864 1789 fecerat.
913 1716 1095 1788 Trannrre
1123 1717 1225 1790 Rhe-

228 1861 323 1909 num
339 1838 453 1910 Tu'tor
477 1861 634 1934 quoque,
664 1837 900 1926 &rClafficun
928 1841 962 1910 &
989 1857 1129 1910 eentum
1154 1857 1224 1913 tre-

170 1982 181 2061 s
225 1953 351 2033 ,decim
367 1946 797 2045 Treverorum'senatores,
827 1956 864 2029 in
882 1955 1092 2053 quibusfuit
1116 1956 1224 2055 Alpi·

226 2100 302 2149 nus
327 2077 535 2166 Montanus,
566 2103 674 2175 quem
699 2075 858 2160 aPrimo
886 2077 1048 2150 Antonio
1070 2077 1225 2153 missum

236 2194 275 2269 in
302 2196 435 2271 Gallias
456 2197 611 2296 superius
646 2198 927 2275 memoravimus.
965 2195 1224 2276 Comitabatur

227 2343 322 2393 ›eum
348 2316 452 2394 frater
468 2319 522 2394 vD.
541 2319 706 2416 Alpinus.
755 2320 865 2400 Simul
889 2317 991 2393 ceteri
1008 2317 1224 2394 miseratione

236 2466 277 2514 ac
300 2438 403 2515 donis
420 2431 551 2514 auxilia
576 2441 779 2532 concibant,
806 2441 894 2522 inter
911 2461 1030 2540 gentes
1047 2439 1225 2537 periculo-

234 2587 315 2635 rum
331 2560 462 2634 avidas.
1132 2605 1142 2612 -

284 2685 369 2759 XX.
395 2684 676 2769 Tnurunouu.
691 2682 774 2759 belli
795 2680 975 2780 superfuit,
1004 2702 1043 2754 ut
1068 2682 1226 2778 praefidia

221 2805 446 2893 cohortium,
465 2805 614 2894 alarum,
632 2803 829 2902 legionum,
843 2807 911 2878 uni
929 2804 988 2877 die
998 2803 1117 2877 Civilis
1135 2828 1224 2900 qua·

233 2925 419 3024 dripartitb
437 2924 616 3003 invaserit:
637 2924 811 3003 decimam
831 2926 1022 3024 legionem,
1042 2925 1223 3011 Arenaci;

233 3044 434 3142 secundam,
450 3045 657 3124 Batavoduri
672 3076 683 3132 ;
705 3052 739 3120 δι
753 3047 901 3121 Grinnes
913 3048 1140 3144 Vadamque,
1160 3073 1222 3120 co·

118 3221 123 3234 ,
234 3167 390 3242 hortium
419 3172 633 3275 alarumque¹
655 3167 785 3243 castra:
817 3167 863 3240 ita
895 3167 1009 3241 divifis
1032 3166 1157 3263 copiis,
1181 3182 1249 3239 ut‘
1319 3216 1322 3229 ·

234 3283 304 3380 ipse
321 3292 354 3361 δι
373 3290 504 3379 Verane,
522 3289 635 3365 sorore
651 3287 722 3388 ejus
739 3287 890 3386 genitus,
910 3289 1149 3386 Clafficusque,
1176 3311 1220 3359 ac

232 3404 348 3478 Tutor
363 3406 459 3483 suam
476 3409 620 3508 quisque
637 3436 781 3483 manum
794 3411 992 3483 traherent:
1020 3435 1084 3482 nec
1097 3406 1221 3481 omnia

235 3528 392 3626 patrandi
410 3531 550 3619 fiducia,
569 3529 642 3621 sed,
673 3538 699 3572 “
715 3532 826 3603 multa
837 3533 922 3603 nnsis
934 3530 1050 3629 aliqui
1067 3529 1102 3603 in
1119 3550 1221 3625 parte

128 3644 131 3647 ’
234 3657 262 3692 “
280 3646 454 3722 fortunam
478 3648 609 3721 adfore.
659 3651 768 3724 Simul
791 3650 978 3740 Cerialem,
1009 3675 1123 3749 neque
1141 3651 1222 3724 satis

234 3777 261 3813 “
280 3790 436 3858 cautum,
464 3771 512 3857 δι,
540 3770 699 3865 pluribus
717 3773 862 3863 nuntiis,
890 3773 958 3846 huc
976 3771 1059 3847 illuc
1079 3770 1221 3846 cursan-
