2820 4694
269 357 350 434 ‘268
506 355 1083 438 crematurum

277 516 364 631 lium
394 527 595 630 sumpsere:
631 560 714 607 nam
745 535 867 610 Civilis
894 538 1011 610 aderat
1039 561 1111 609 non
1139 520 1256 613 minias

275 652 365 727 vitiis
387 653 551 745 hostium,
570 654 679 752 quam
695 654 819 730 virtute
836 655 977 730 suorum
992 656 1110 731 fretus.
1151 657 1257 731 Varia

181 796 183 807 ’
274 776 370 872 apud
386 778 567 848 Romanos
588 773 740 866 fortuna,
768 781 801 849 ὅτ
817 774 1077 851 seditiofiffimus
1100 777 1254 878 'quisque

274 894 447 991 ignavus:
478 895 622 994 quidam
640 896 783 971 recentis
798 897 951 972 vietoriae
964 924 1148 990 memores,
1173 898 1254 972 reti·

274 1040 356 1088 nete
372 1017 505 1104 locum,
523 1014 621 1089 ferire
630 1017 782 1107 hostem,
800 1017 953 1117 seque&
973 997 1151 1117 proximos
1168 1021 1252 1092 hor·

228 1112 240 1126 ⁴
274 1135 363 1208 tari:
389 1141 423 1209 δι
440 1135 673 1235 redintegrata
690 1138 777 1227 acie,
806 1165 930 1213 manus
947 1141 992 1213 ad
1015 1139 1160 1214 obsessos
1175 1159 1253 1213 ten·

273 1258 370 1346 dere,
395 1265 422 1301 “
440 1283 484 1337 ne
501 1257 652 1356 tempori
669 1260 832 1332 deelsent
836 1262 858 1293 ”
907 1260 977 1350 Illi,
1004 1246 1158 1334 cunetae
1175 1287 1254 1334 rnu-

231 1359 233 1363 '
273 1376 319 1450 ris
353 1399 543 1469 cernentes,
577 1380 742 1454 omnibus
768 1381 876 1478 portis
905 1402 1149 1496 prorumpunt.
1198 1385 1255 1455 Ac

181 1491 184 1496 ’
272 1497 361 1572 forte
397 1499 519 1595 Civilis
545 1498 639 1597 lapsu
669 1500 749 1597 equi
783 1501 984 1597 prostratus,
1027 1488 1158 1575 crerlita
1194 1526 1256 1599 pet

272 1639 463 1718 utrumque
479 1620 669 1694 exercitum
694 1620 799 1710 fama,
831 1622 1096 1694 “vulneratum
1118 1641 1178 1695 aut
1200 1619 1254 1694 in·

272 1741 301 1782 “
319 1739 573 1830 teme&um,''
564 1766 718 1813 immane
745 1760 913 1839 quantum
939 1738 1006 1814 suis
1031 1741 1183 1839 pavoris,
1217 1745 1254 1816 δι

271 1861 425 1935 hostibus
441 1860 558 1933 alaerit
546 1860 622 1933 tatis
640 1860 803 1933 indidit.

284 1979 473 2057 XXXV.
499 1983 574 2054 Suo
592 1981 739 2070 Vocula,
762 1980 889 2053 omiffis
906 1980 1118 2079 fugientium
1134 1984 1254 2083 tergis,

272 2104 404 2176 vallum
436 2099 614 2200 turresque
652 2101 840 2175 castrorum
867 2105 1032 2199 augebat,
1068 2122 1255 2201 tamquam

273 2223 387 2296 rursus
404 2223 579 2300 obfidium
596 2221 818 2296 immineret:
845 2208 1006 2318 corrupti
1026 2221 1154 2296 totiens
1175 2222 1252 2298 vic·

271 2345 373 2436 torifi,
407 2372 480 2418 non
509 2327 595 2417 falso
622 2342 795 2443 suspeltus
830 2344 961 2415 bellum
986 2342 1100 2437 malle.
1149 2344 1253 2418 Nihil

272 2466 372 2565 aeque
403 2464 575 2540 exercitus
604 2464 750 2554 nostros,
783 2464 893 2561 qufam
921 2462 1050 2561 egestas
1073 2462 1253 2560 copiarum

269 2588 448 2686 fatigabat.
503 2581 760 2684 Impedinienta
794 2583 975 2683 legionum
1005 2610 1086 2658 cum
1113 2584 1254 2659 imbelli

270 2711 372 2783 turb&
399 2709 595 2784 Novesrum
620 2705 731 2794 milla,
766 2725 805 2778 ut
830 2705 926 2794 inde,
951 2704 1098 2778 terrestri
1120 2703 1253 2798 itinere,

270 2829 488 2904 frumentum
505 2828 727 2901 adveherent.
777 2828 874 2900 Nam
892 2824 1038 2899 flumine
1059 2827 1172 2900 hostes
1189 2853 1253 2925 po·
1296 2838 1297 2842 ’

169 3017 176 3041 ,Χ
269 2952 453 3026 tiebantur.
503 2930 661 3023 Primum
678 2973 807 3045 agmen
820 2946 977 3021 securum
995 2947 1138 3039 inceffit,
1166 2973 1255 3020 non·

270 3072 358 3144 dum
375 3065 452 3145 latis
470 3072 582 3145 firmo
590 3053 729 3145 Ciuile:
755 3068 837 3168 qui,
862 3069 924 3142 ubi
956 3076 984 3112 “
1002 3069 1116 3143 rursus
1135 3054 1254 3144 millos

270 3196 299 3232 “
317 3193 509 3266 Novesrum
521 3159 810 3279 frumentatores,
823 3189 1013 3289 datasque
1004 3217 1040 3262 ιιι
1058 3189 1255 3286 praesidium

271 3313 299 3350 “
318 3313 489 3402 cohortes,
514 3313 610 3386 velut
639 3312 748 3386 multal
776 3335 875 3407 pace,
903 3309 1061 3409 ingredi'
1088 3309 1248 3405 accepit:

269 3454 388 3503 rarum
419 3433 514 3529 apud
547 3436 644 3532 signa
672 3431 835 3522 militem,
874 3457 970 3506 arma
996 3431 1034 3503 in
1069 3428 1252 3522 vehiculis,

269 3551 414 3626 cunctos
430 3551 566 3627 licentii
583 3580 708 3653 vagos,
738 3555 956 3654 compositus⁸
970 3549 1100 3625 invadit
1117 3576 1126 3621 ε
1159 3574 1251 3646 prae·

269 3672 387 3761 missu,
418 3669 480 3767 qui
505 3693 627 3767 pontes
662 3678 696 3747 δι
726 3675 860 3749 viarum
888 3673 1032 3772 angusta
1056 3671 1266 3745 insiderent·

269 3797 470 3896 Pugnatum
499 3791 607 3891 longo
633 3796 786 3894 agmine,
817 3794 1005 3872 &incerto
1022 3797 1155 3885 Marte,
1183 3793 1252 3867 do-
