2806 4694
454 268 459 302 l

362 368 758 451 Hrsrortrnrtuu
797 372 905 446 Lrs.
948 373 977 445 Ι.’
1106 399 1144 449 rt

170 564 212 617 ac
229 541 304 619 suas
320 543 459 643 injurias
484 549 728 622 metiebantur.
774 545 940 619 Germani
964 546 1151 635 exercitus,

170 666 267 764 quod
291 666 611 763 periculosissimum
629 668 665 739 in
682 668 784 740 tantis
797 667 940 757 viribus,
965 655 1158 740 solliciti&
1191 692 1192 695 ’

172 785 250 860 irati
262 787 417 885 superbias
432 788 575 861 recentis
592 788 759 878 vidoriae,
786 794 819 861 &
835 807 945 877 metu,
968 807 1153 884 tamquam
1193 797 1196 804 ’

169 906 252 982 alias
275 929 387 1006 partes
415 908 586 982 fovissent.
635 908 756 982 Tarde
787 935 807 982 a
833 911 977 981 Nerone
1000 907 1154 981 descive-

172 1050 272 1102 rant:
304 1057 369 1104 nec
385 1031 499 1103 statim
523 1056 593 1127 pro
606 1031 721 1103 Galbs
738 1028 949 1127 Verginius:
979 1055 1021 1100 an
1040 1027 1154 1125 impe·

174 1164 250 1223 rare
269 1151 428 1224 voluisset
452 1152 626 1225 dubium:
650 1152 806 1224 delatum
824 1149 854 1220 ei
879 1175 899 1222 a
917 1148 1025 1222 milite
1043 1150 1155 1247 impe·

173 1270 267 1343 rium
298 1270 544 1344 conveniebat.
609 1271 794 1344 Fonteium
818 1271 1029 1367 Capitonem
1061 1269 1155 1343 occi-

171 1391 267 1480 sum,
286 1391 391 1465 etiam
419 1392 480 1488 qui
498 1391 595 1488 queri
611 1417 682 1464 non
706 1411 877 1489 poterant,
897 1411 1014 1463 tamen
1037 1390 1154 1489 indig-
1212 1486 1215 1492 .

174 1513 357 1584 nubantur.
420 1515 505 1585 Dux
538 1513 671 1602 deerat,
703 1513 854 1585 abduslo
887 1507 1073 1609 Verginio'
1095 1532 1156 1609 per

173 1632 426 1707 simulationem
442 1632 628 1707 amicitiae:
655 1658 762 1731 quem
788 1658 860 1704 non
885 1631 1030 1722 remitti,
1050 1652 1157 1730 atque

173 1752 288 1826 etiam*
301 1777 400 1827 reum
416 1757 498 1844 else,
529 1773 711 1852 tamquam
730 1754 829 1826 suum
851 1753 987 1826 crimen
1005 1753 1155 1851 accipie·
1215 1843 1217 1858 Ι

175 1876 273 1946 bant.
1005 1865 1010 1873 ’

224 1996 288 2067 ΙΧ.
312 1997 704 2070 Surnnron'exercitus
716 1999 885 2095 legatum,
905 1996 1157 2070 Hordeonium
1240 2091 1243 2104 Ι

160 2116 354 2206 Flaccum,
377 2116 571 2214 spernebat,
595 2117 727 2193 senedd
756 2143 796 2190 ac
820 2116 998 2190 debilitate
1023 2118 1157 2214 pedum

174 2237 383 2327 invalidum,
419 2243 490 2313 fine
519 2238 723 2328 constantis,
755 2243 822 2312 sme
856 2226 1083 2311 undositate:
1111 2265 1157 2311 ne

175 2359 293 2454 quieto
317 2357 464 2457 quidem
483 2359 608 2448 milite,
628 2358 805 2457 regimem
833 2358 920 2432 adei>
937 2357 1085 2434 furentes
1103 2359 1157 2430 in-

173 2478 337 2552 firmitate
349 2479 528 2552 retinentis
540 2480 632 2552 ultro
651 2480 936 2553 accendebantur.
986 2475 1157 2552 Inferioris

173 2599 371 2673 Germania
397 2601 554 2698 legiones
580 2598 711 2673 diutitis
740 2603 809 2672 sine
833 2600 1003 2675 consulari
1035 2598 1155 2673 fuere:

173 2719 301 2809 donec,
326 2719 428 2795 millis
443 2723 581 2809 Galbae,
607 2725 653 2794 A.
673 2719 830 2813 Vitellius
855 2708 985 2810 aderat,
1009 2720 1159 2795 censoris

149 2871 151 2873 ·
178 2837 327 2928 Vitellii,
344 2866 384 2911 ac
406 2863 457 2912 ter
473 2841 635 2931 consulis,
654 2841 758 2914 filius.
783 2838 784 2842 ¹
808 2843 850 2912 ld
871 2841 946 2912 satis
962 2842 1159 2916 videbatur.

175 2960 219 3030 ln
247 2956 447 3031 Britannico
479 2961 632 3035 exercitu
665 2960 753 3033 nihil
776 2960 917 3033 irarum.
967 2962 1061 3034 Non·
1080 2961 1160 3035 sane

174 3079 251 3155 aliae
276 3078 444 3177 legiones,
474 3107 537 3178 per
562 3108 685 3156 omnes
707 3081 861 3154 civilium
887 3083 1057 3156 bellorum
1081 3110 1159 3157 mo·

176 3219 246 3288 tus,
286 3199 504 3275 innocentius
537 3218 708 3302 egerunt:
745 3201 803 3276 seu
831 3201 916 3299 quia
949 3205 1086 3299 procul,
1125 3200 1161 3277 8c

175 3321 319 3393 Oceano
336 3319 476 3408 divisae3
506 3321 577 3412 seu,
605 3323 733 3396 crebris
749 3321 1046 3419 expeditionibus
1073 3325 1161 3397 doc·
1208 3404 1211 3407 ,

174 3460 220 3513 tae
258 3440 393 3514 hostem
429 3443 545 3540 potitis
577 3441 697 3515 odiffe.
764 3442 875 3542 Ques
915 3447 949 3516 δε
990 3444 1195 3541 lllyricoz,

174 3585 392 3658 quamquam
410 3563 532 3636 excitae
549 3564 725 3638 aNerone
743 3564 912 3662 legiones,
932 3566 1019 3639 dum
1038 3567 1074 3639 in
1090 3569 1160 3640 lta-

177 3681 222 3754 lia
246 3674 469 3779 cunsta'ntur,
506 3683 714 3780 Verginium
745 3686 975 3783 legationibus
1002 3686 1159 3759 adissent.

175 3804 244 3877 Sed
269 3805 383 3906 longis
400 3802 513 3903 spatiis
530 3802 664 3879 discreti
681 3795 867 3896 exercitus,
898 3808 994 3903 quod
1011 3803 1161 3878 saluber-
