2806 4694
365 357 763 435 Hrsronrnnuu
796 349 961 429 Lral.
1106 378 1156 459 59

170 548 279 625 teret,
308 530 381 625 sed,
409 559 454 608 ne
470 536 573 610 hostis
596 553 731 609 metum
749 528 1159 640 reconciliationistadbi·
1264 630 1265 637 ἵ

168 661 283 748 beret,
308 655 427 730 statim
440 657 528 731 inter
543 656 686 731 intimos
703 655 835 730 amicos
851 651 986 743 habuit,
1019 655 1053 725 δι
1071 673 1161 727 mox

168 780 266 854 bello
289 778 375 851 inter
397 780 505 862 duces
521 777 674 876 delegit:
706 779 900 873 mansitque
917 772 1032 864 Celso,
1062 773 1161 847 velut
1180 858 1183 870 ,

168 899 329 990 fataliter,
358 900 464 974 etiam
481 925 547 998 pro
564 900 708 973 Othone
725 898 812 971 fides
835 896 982 994 integra,
1008 897 1044 968 δι
1070 891 1159 967 infe·

100 1100 106 1113 p
170 1021 234 1095 lix.
273 1025 384 1095 Lata
401 1021 612 1118 primoribus
637 1016 800 1109 civitatis,
831 1016 1002 1090 celebrata
1025 1013 1063 1087 in
1081 1014 1160 1088 vul·

170 1169 236 1242 gus
252 1144 342 1216 Celsi
357 1140 461 1231 salus,
491 1165 535 1214 ne
559 1137 728 1213 militibus
753 1137 900 1236 quidem
922 1137 1059 1234 ingrata
1074 1133 1158 1226 suit,

168 1265 333 1342 eamdem
349 1263 518 1336 virtutem
533 1258 797 1350 admirantibus,
817 1257 873 1333 cui
890 1255 1133 1331 irascebantur.

222 1385 383 1457 LXXII.
408 1385 492 1455 Pnn
515 1381 596 1454 inde
618 1379 812 1469 exsultatio,
843 1376 1036 1489 disparibus
1054 1377 1160 1451 caulis

177 1503 374 1593 consecuta,
397 1503 583 1600 impetrato
605 1500 776 1599 Tigellini
793 1498 912 1573 exitio.
962 1495 1161 1597 Sophonius
1250 1475 1265 1499 χ

171 1623 383 1723 Tigellinus,
419 1621 574 1697 obscuris
616 1620 831 1720 parentibus,
872 1619 969 1694 foeda
1001 1618 1160 1719 pueritil,

170 1744 354 1844 impudica
369 1743 528 1835 senedal,
548 1743 793 1842 praefecturam
810 1740 962 1841 vigilum
979 1745 1015 1816 δι
1033 1760 1160 1840 praeto·

169 1867 225 1956 rii,
256 1872 290 1941 ἃ
320 1865 389 1939 alia
414 1864 559 1964 praemia
576 1864 764 1956 virtutum,
793 1863 875 1962 quia
903 1863 1058 1937 velocibs
1090 1882 1162 1938 erat

169 1986 262 2063 vitiis
280 1987 438 2084 adeptus,
451 1984 690 2061 crudelitatem
708 2010 808 2074 mox,
825 1979 954 2058 deinde
965 1984 1159 2077 avaritiam,

170 2111 207 2182 δε
233 2106 345 2181 virilia
362 2105 485 2182 scelera
502 2106 681 2181 exercuit:
711 2125 877 2204 corrupto
904 2107 948 2180 ad
976 2131 1083 2181 omne
1107 2104 1159 2180 fa·

168 2227 267 2303 cinus
285 2230 446 2319 Nerone,
467 2228 634 2326 quaedam
656 2226 778 2325 ignaro
794 2226 908 2319 ausus,
927 2253 968 2303 ac
984 2227 1161 2325 postremo

168 2349 322 2449 ejusdem
347 2348 500 2423 desertor
524 2371 566 2422 ac
592 2348 760 2446 proditor.
810 2349 922 2423 Unde
949 2372 1022 2421 non
1046 2346 1158 2422 alium
1272 2353 1279 2357 ’

168 2469 378 2572 pertinacius
393 2471 440 2544 ad
457 2495 603 2569 poenam
620 2468 835 2568 flagitavere,
862 2467 999 2544 diverso
1016 2470 1168 2561 affeetu,
1213 2457 1215 2461 Α

169 2593 299 2692 quibus
327 2590 453 2664 odium
481 2590 632 2664 Neronis
661 2591 1161 2692 inerat,&quibusdes1de·

171 2713 275 2786 rium.
329 2713 440 2808 Apud
456 2714 610 2786 Galbam
633 2713 680 2786 T.
699 2712 798 2786 Vinii
815 2713 971 2813 potentii
985 2711 1159 2804 defensus,
1326 2808 1328 2811 ι

172 2832 397 2931 praetexentis
426 2839 461 2916 ,“
486 2831 651 2908 servatam
680 2837 792 2908 abeo
819 2826 978 2908 filiam:’'
1003 2840 1037 2909 lla
1065 2835 1162 2909 haud
1274 2851 1276 2854 ’

172 2952 284 3026 dubie
300 2951 506 3043 servaverat,
524 2978 594 3027 non
612 2953 800 3030 clementia
815 2953 966 3053 (quippe
983 2975 1036 3028 tot
1052 2955 1160 3028 inter·
1250 3018 1251 3025 ,

169 3063 286 3169 fertis)
305 3072 364 3146 sed
381 3074 512 3173 effugio
533 3074 567 3148 in
585 3072 765 3151 futurum:
787 3076 869 3175 quia
885 3078 1048 3173 pellimus
1065 3073 1159 3174 quis-

170 3219 256 3294 que,
279 3194 474 3270 diffidentia
502 3194 723 3295 praesentium
750 3195 983 3271 mutationem
1014 3222 1159 3295 pavens,

169 3315 335 3390 adversm
353 3316 536 3413 publicum
560 3317 685 3391 odium
702 3318 876 3416 privatam
894 3317 1042 3417 gratiam
1071 3345 1160 3417 prae·

170 3455 290 3536 paratz
320 3438 416 3511 unde
432 3440 528 3512 nulla
545 3438 753 3512 innocentiae
773 3455 869 3530 c'ura,
899 3437 957 3512 sed
976 3437 1069 3513 vices
1093 3439 1159 3512 im·

170 3557 345 3655 punitatis.
398 3558 453 3632 Εὸ
479 3557 641 3633 insensior
665 3547 830 3659 populus,
853 3561 972 3636 addita
998 3563 1160 3634 advetus

169 3678 338 3777 Tigellini
358 3678 482 3753 odium
508 3678 639 3753 recenti
656 3680 703 3754 T.
726 3680 822 3755 Vinii
839 3681 984 3773 invidit,
1011 3707 1158 3756 concur·
1178 3664 1182 3667 ,

171 3824 244 3883 tere
260 3826 280 3877 e
297 3803 372 3878 totd
394 3803 495 3877 Urbe
511 3799 547 3874 in
565 3799 734 3903 palatium
752 3829 792 3879 ac
809 3801 897 3896 fora,
925 3807 974 3895 oc,
1002 3800 1063 3877 ubi
1080 3801 1159 3902 plu·
1200 3886 1203 3891 ,
