2806 4694
134 386 136 388 ψ
237 362 282 438 52
462 337 1046 419 ecmannum

238 520 267 556 “
289 512 411 588 Galliae
439 517 627 615 trepident,
662 520 750 593 dum
783 518 964 619 Hispaniae
991 521 1250 596 cundentur'r.

242 643 270 680 “
289 662 359 709 non
377 636 510 710 obstare
534 639 701 730 hiemem,
728 666 842 739 neque
861 641 999 739 ignavae
1026 640 1121 739 pacis
1146 668 1224 716 mo·
1304 723 1306 728 ἱ

239 763 266 799 “
284 783 356 829 ras:
378 757 612 831 invadendam
630 759 782 852 Italiam,
803 763 1046 859 occupandam
1063 765 1222 836 Urbem:

240 883 269 920 “
288 864 376 950 nihil
400 877 437 950 in
466 877 645 954 discordiis
673 880 833 955 civilibus
862 881 1076 956 festinatione
1090 882 1222 971 tutius,

238 1003 266 1042 “
285 997 346 1071 ubi
381 997 473 1071 facto
496 998 621 1097 magis,
648 1000 756 1096 quiam
784 1001 957 1093 consult0,
991 1028 1081 1102 opus
1104 1003 1224 1076 effet.”

215 1119 419 1221 ⁸Torpebat
436 1119 611 1207 Vitellius,
637 1123 670 1191 δι
693 1117 871 1193 fortunam
896 1122 1107 1221 principatbs
1123 1122 1224 1197 inerti

235 1239 323 1311 luxu
350 1264 391 1311 ac
420 1237 577 1336 prodigis
605 1238 718 1334 epulis
742 1238 985 1335 praesumebat,
1012 1245 1130 1318 medio
1154 1242 1224 1318 diei

235 1360 461 1448 temulentus,
481 1363 514 1431 δι
529 1357 647 1456 sagina
667 1358 807 1455 gravis:
833 1361 916 1434 cirm
936 1383 1054 1436 tamen
1071 1365 1172 1438 ardor
1190 1369 1224 1437 δι
1297 1401 1302 1407 ·
1323 1411 1330 1424 -

235 1480 289 1553 vis
307 1479 458 1553 militum
472 1480 564 1552 ultro
581 1479 679 1552 ducis
696 1480 816 1553 munia
832 1480 1015 1579 implebat,
1035 1504 1073 1558 ut
1090 1488 1114 1558 fi
1129 1483 1243 1563 ades»

236 1598 284 1674 set
302 1603 507 1697 Imperator,
536 1606 569 1674 δι
589 1599 746 1690 strenuis,
772 1603 826 1674 vel
850 1602 1000 1700 ignavis,
1028 1602 1125 1701 spem
1148 1629 1223 1677 me-
1259 1648 1260 1653 κ

151 1815 152 1823 ¹
236 1741 384 1820 tumque
408 1721 560 1794 adderet.
622 1706 783 1794 Instrudli
815 1722 1007 1821 intentique
1036 1730 1064 1767 “
1084 1726 1224 1823 signum

238 1850 269 1887 “
283 1841 526 1941 profedlionis”
544 1841 746 1940 exposcunt.
803 1845 949 1917 Nomen
966 1844 1147 1917 Gemanici
1160 1843 1225 1916 Vi-

237 1963 333 2035 tellio
350 1961 462 2034 statim
481 1962 661 2035 additum:
693 1963 846 2057 Caesarem
864 1962 896 2036 se
912 1963 1095 2061 appellari,
1118 1963 1225 2039 etlam

235 2083 347 2157 vietor
375 2080 566 2179 prohibuit.
631 2083 774 2157 Laetum
801 2084 990 2182 augurium
1012 2085 1126 2159 Fabio
1149 2088 1222 2157 Va-

194 2182 199 2194 )
235 2202 333 2293 lenti,
360 2201 612 2301 exercituique,
638 2230 744 2301 quem
766 2204 801 2276 in
824 2206 957 2279 bellum
982 2206 1120 2303 agebat,
1147 2202 1223 2302 ipso

237 2323 464 2424 profectionis
481 2324 552 2416 die,
579 2323 696 2423 aquila
714 2324 782 2398 leni
805 2346 936 2415 meatu,
968 2345 1221 2423 prout'agmen

236 2447 425 2536 incederet,
443 2446 539 2519 velut
556 2447 631 2518 dux
648 2446 728 2536 viae,
754 2444 980 2542 praevolavit:
1000 2446 1222 2543 longumque

236 2593 300 2666 per
325 2565 489 2663 spatium,
516 2566 544 2638 is
571 2566 799 2663 gaudentium
824 2565 976 2638 militum
1005 2566 1151 2658 clamor,
1179 2591 1221 2640 ea

142 2760 145 2763 a
234 2687 332 2786 quies
353 2685 514 2760 interritae
530 2685 618 2759 alitis
641 2683 719 2775 fuit,
743 2705 781 2758 ut
798 2686 892 2758 haud
908 2683 1060 2760 dubium
1080 2712 1220 2786 magnae

238 2812 272 2882 ὅτ
291 2805 460 2904 prosperae
479 2807 527 2880 rei
539 2831 644 2881 omen
659 2804 883 2902 acciperetur.

283 2930 421 3003 LXIII.
448 2931 504 3001 Er
521 2931 695 3002 Treveros
713 2925 872 3024 quidem,
903 2914 943 3000 ut
958 2908 1081 3016 socios,
1111 2925 1219 3000 securi

235 3049 362 3124 adiere.
411 3048 586 3123 Divoduri
601 3046 972 3144 (Mediomatricorum
989 3045 1026 3118 id
1043 3045 1219 3143 oppidum

214 3170 304 3265 'est)
339 3194 555 3268 quamquam
580 3167 678 3240 omni
704 3169 869 3242 comitate
886 3186 1065 3264 exceptos,
1088 3165 1220 3242 subitus

148 3348 151 3354 .
235 3316 343 3388 pavor
367 3289 542 3378 exterruit,
573 3287 677 3386 raptis
699 3289 843 3386 repente
865 3287 982 3376 armis,
1010 3288 1055 3377 ad
1084 3290 1219 3364 caedem

235 3409 387 3484 innoxiae
412 3407 581 3496 civitatis;
611 3434 684 3482 non
701 3412 749 3483 ob
774 3410 944 3506 praedam,
974 3427 1033 3481 aut
1049 3406 1220 3505 spoliandi

235 3528 414 3628 cupidine,
444 3525 502 3600 sed
529 3527 645 3603 furore
672 3533 707 3602 ὅτ
733 3530 842 3620 rabie,
873 3531 907 3600 δι
932 3512 1040 3601 causis
1059 3526 1217 3619 incertis,

234 3653 347 3750 eoque
364 3647 614 3721 difficilioribus
632 3648 793 3722 remediis
806 3677 820 3753 ;χ
842 3649 955 3721 donec
973 3647 1132 3746 precibus
1148 3650 1216 3723 du·

234 3773 283 3848 cis
301 3767 465 3870 mitigati,
484 3769 529 3843 ab
539 3767 680 3844 excidio
690 3767 837 3844 civitatis
851 3768 1087 3867 temperavere
1093 3797 1105 3858 3
1132 3767 1220 3844 caesa
