2820 4694
263 354 332 447 248
470 353 510 424 C.
551 351 818 425 Connaa'rr
856 303 1088 426 mm«

312 516 402 604 xil(
416 531 555 604 Irsnarr
573 526 709 620 diebus,
730 532 999 604 crebrescentem
1016 527 1122 616 cladis
1139 520 1230 602 Ger·

264 650 406 724 manicae
423 648 564 737 famam,
582 639 803 747 nequaquam
821 651 934 723 maesta
950 649 1068 723 civitas
1080 649 1233 746 excipie-

263 773 341 847 bat:
375 777 402 814 “
417 767 518 842 caesos
539 770 724 859 exercitus,
749 790 848 868 capta
870 770 1048 868 legionum
1065 758 1233 858 hiberna,

265 898 292 933 “
309 887 484 961 desciviffe
512 888 681 978 Gallias,''
714 915 784 962 non
797 910 800 915 ’
813 911 848 963 ut
873 892 971 963 mala‘
991 892 1234 989 loquebantur.

263 1008 305 1080 Id
327 1010 461 1082 bellum
476 997 615 1104 quibus
630 1011 733 1082 eaufis
758 1029 888 1099 ortum,
918 1031 1048 1108 quanto
1075 1029 1233 1082 externa·

263 1153 341 1201 rum
358 1126 596 1222 sociarumque
613 1127 769 1225 gentium
786 1149 883 1200 motu
907 1129 1112 1226 flagraverit,
1135 1118 1235 1201 altius

264 1249 459 1344 expediam.
508 1248 643 1335 Batavi,
655 1249 766 1320 donec
783 1268 873 1320 trans
888 1251 1055 1321 Rhenum
1072 1252 1235 1346 agebant,

246 1434 248 1444 .
264 1394 341 1466 pars
358 1355 562 1440 Cattorum':
582 1365 745 1439 seditione
762 1367 951 1466 domestica
965 1371 1063 1465 pulsr,
1082 1388 1237 1440 extrema

265 1488 408 1563 Gallica
427 1513 510 1577 orae,
533 1464 640 1560 vacua
661 1488 864 1578 cultoribus,
891 1491 1061 1585 smulque
1078 1486 1236 1576 insulam,

265 1601 353 1684 Inter
381 1609 470 1680 vada
497 1611 605 1695 fitam,
632 1612 860 1704 occupavere,
886 1635 993 1707 quam
1018 1633 1111 1681 mare
1126 1610 1238 1680 Ocea-

267 1746 332 1803 nus
357 1754 377 1800 a
396 1727 519 1817 fronte,
535 1729 694 1801 ,Rhenus
710 1728 821 1801 amnis
837 1735 978 1827 tergum
993 1755 1033 1802 ac
1050 1729 1153 1800 latera
1168 1726 1236 1798 eir·

192 1936 195 1946 1
266 1847 412 1923 eumluit
426 1877 436 1933 ;
468 1873 532 1924 nec
557 1847 683 1945 opibus
706 1835 888 1938 Romanis,
917 1848 1073 1923 societate
1090 1847 1235 1927 ,validio-

265 1995 355 2056 rum,
375 1957 490 2058 attriti,
513 1967 605 2040 viros
629 1969 765 2041 tantirm
789 1995 953 2067 armaque
975 1968 1118 2065 imperio
1134 1966 1236 2040 mini·
1279 1976 1285 1981 ”

265 2084 389 2163 strant:
417 2089 477 2161 diu
496 2087 711 2162 Germanicis
727 2091 824 2162 bellis
842 2077 1005 2161 exercitii
1034 2114 1118 2161 mox
1137 2089 1256 2183 ausla*

231 2266 233 2272 -
265 2237 327 2309 per
342 2198 552 2283 Britanniam
570 2198 692 2307 gloria,
717 2209 906 2283 transmissis
923 2211 1003 2282 illuc
1022 2206 1233 2296 cohortibus,

266 2358 351 2430 quas
367 2351 481 2404 vetere
498 2329 662 2419 institute,
681 2330 878 2404 nobilissimi
898 2327 1116 2426 popularium
1134 2351 1233 2424 rege·

265 2454 360 2525 bant.
412 2453 494 2522 Erat
529 2455 562 2523 δε
595 2451 693 2524 domi
724 2453 877 2524 deleslus
908 2463 1025 2546 eques,
1061 2445 1236 2543 praecipuo

265 2564 369 2652 nandi
407 2560 533 2659 studio,
565 2560 659 2642 arma
689 2568 864 2667 equosque
896 2568 1059 2657 retinens,
1094 2564 1236 2664 integris

263 2691 399 2779 turmis,
428 2691 594 2763 Rhenum
618 2691 849 2786 perrumpere.
1039 2680 1040 2683 ¹

199 2828 204 2842 ²
281 2820 282 2823 ’
311 2814 410 2887 XIII.
435 2814 576 2908 Jurrns
601 2812 754 2908 Paullus,
780 2808 996 2890 &Claudius
1020 2806 1157 2897 Civilis,
1185 2833 1238 2881 re·

266 2932 323 3029 git
358 2932 474 3029 stirpe,
509 2930 622 3005 multo
661 2950 792 3003 ceteros
825 2918 1010 3006 anteibant.
1076 2928 1237 3001 Paullum

263 3051 427 3124 Fonteius
452 3052 589 3149 Cupito,
617 3048 701 3123 salso
726 3049 921 3124 rebellionis
950 3048 1105 3139 crimine,
1132 3048 1237 3120 inter-

263 3165 354 3242 fecit.
405 3169 541 3265 Injeslae
558 3170 659 3245 Civili
686 3190 829 3260 catenae,
857 3170 1040 3268 suillosque
1060 3169 1105 3242 ad
1122 3170 1244 3241 Nero*

263 3311 358 3375 nem,
389 3295 422 3363 &
453 3317 474 3363 a
499 3292 614 3365 Galba
642 3283 828 3381 ibsolutus,
863 3290 926 3365 sub
952 3288 1095 3363 Vitellio
1125 3284 1236 3361 rursus

263 3405 443 3481 discrimen
472 3411 573 3502 adiit,
604 3411 780 3510 flagitante
805 3409 1015 3510 supplicium
1044 3408 1113 3507 ejus
1136 3431 1236 3480 exer·

262 3527 343 3601 citu.
393 3529 479 3600 Inde
495 3529 601 3604 causae
619 3530 758 3623 irarum,
776 3531 918 3630 spesque
930 3557 975 3605 ex
990 3531 1088 3605 malis
1103 3527 1237 3604 nostris.

261 3649 328 3721 Sed
344 3645 476 3735 Civilis,
501 3651 587 3721 ultra
613 3653 721 3747 quarn
750 3651 903 3726 barbaris
924 3649 1072 3741 solitum,
1096 3647 1240 3748 ingenio

261 3767 387 3858 sollers,
406 3771 439 3846 &
465 3773 490 3810 “
505 3767 691 3846 Sertorium
706 3771 763 3846 se'’
781 3794 840 3848 aut
859 3779 885 3817 “
904 3770 1169 3887 Hannibalem'
1185 3767 1238 3847 se-
