2806 4694
347 347 972 459 Hrsronrnnuqur.l‚
1135 391 1158 469 9

176 532 230 609 nis
258 537 448 612 a‘Nerone
473 535 701 628 adsuefauos,
736 556 775 610 ut
808 536 902 609 haud
932 535 1048 609 minos
1079 538 1163 612 vitia

174 657 377 755 Principum
402 679 572 748 amarent,
602 660 712 756 quam
728 657 814 730 olim
832 657 978 729 virtutes·
994 647 1160 731 vereban-

178 797 248 850 tur.
282 781 434 852 Accessrt
458 780 582 852 Galbae
612 803 686 851 vox
710 803 775 875 pro
799 778 977 874 republica
1002 779 1160 867 honesta,

176 896 238 993 ipsr
262 893 405 998 anceps,
438 908 464 943 “
483 899 553 997 legi
571 925 591 972 a
608 897 640 972 le
658 898 823 989 militem,
843 923 915 971 non
933 897 1040 971 emi.''
1081 900 1161 973 Nec

175 1017 271 1091 enim
285 1020 330 1092 ad
344 1021 433 1094 hanc
447 1019 593 1094 formam
608 1039 721 1093 cetera
735 1038 842 1091 erant.
869 1084 872 1089 .

224 1140 287 1211 Vl.
313 1141 551 1214 Invntruurr
578 1137 693 1212 senem
722 1141 769 1212 T.
800 1139 936 1231 Vinius,
962 1143 996 1214 δι
1026 1143 1160 1216 Come·

175 1257 243 1333 lius
258 1261 373 1349 Lac0,
392 1262 476 1333 alter
493 1261 700 1334 deterrimus
716 1260 932 1351 mortalium,
958 1262 1042 1333 alter
1059 1261 1159 1359 lgna·

175 1378 351 1470 viffimus,
380 1381 463 1453 odio
487 1379 699 1479 flagitiorum
722 1383 928 1471 onerabant,
955 1401 1161 1479 contemptu

176 1498 311 1573 inertia·
337 1500 567 1574 destruebant.
604 1503 764 1575 Tardum
782 1503 906 1574 Galbae
931 1500 1008 1590 iter,
1034 1508 1067 1575 δι
1083 1529 1159 1576 cru-

175 1639 314 1710 enmm,
333 1619 518 1694 interfectis
535 1621 713 1720 Cingonio
736 1625 907 1712 Varrone,
934 1619 1073 1695 consule
1098 1625 1160 1697 de·
1218 1635 1224 1645 '

175 1745 324 1840 signato,
343 1745 377 1815 δι
395 1743 559 1817 Petronio
576 1743 798 1841 Turpilium,
823 1741 1011 1816 consulari:
1040 1743 1098 1816 ille
1120 1763 1161 1818 ut

176 1861 391 1959 Nymphidii
416 1862 541 1953 socius,
568 1863 624 1936 hic
652 1884 692 1936 ut
716 1866 791 1937 dux
815 1862 981 1953 Neronis,
1011 1862 1160 1936 inauditi

176 2001 282 2079 atque
313 1982 492 2072 indefensi,
527 2005 709 2081 tamquam
743 1985 945 2057 innocentes
976 1985 1159 2081 perierant.

174 2103 335 2177 introitus
365 2104 401 2177 in
419 2107 575 2195 Urbem,
602 2104 781 2179 trucidatis
810 2125 863 2178 tot
885 2102 1039 2178 millibus
1066 2105 1158 2183 iner·
1198 2104 1211 2136 ³

59 2301 64 2305 „
175 2223 287 2297 mium
301 2223 467 2317 militum,
486 2223 652 2298 infaustus
667 2224 799 2316 omine,
818 2246 924 2323 atque
942 2225 1020 2324 ipfis
1038 2226 1158 2317 etiam,

175 2343 236 2441 qui
270 2346 485 2434 occiderant,
525 2342 779 2419 formidolosus.
840 2347 986 2420 Inducta
1019 2347 1160 2445 legione

174 2463 344 2562 Hispana,
369 2485 572 2540 remanente
596 2468 651 2555 eal,
680 2490 823 2563 quame
846 2469 947 2541 claffe
959 2469 1057 2541 Nero
1075 2494 1160 2542 con-

173 2582 362 2684 scripserat,
389 2590 492 2688 plena
517 2589 616 2660 Urbs
638 2586 790 2660 exercitu
813 2571 967 2677 insolito}
986 2589 1096 2663 ,multi
1112 2592 1160 2664 ad

125 2788 130 2795 ,
173 2707 243 2780 hoe
260 2710 395 2782 numeri
411 2735 430 2782 e
447 2707 637 2783 Germania
662 2733 703 2781 ac
728 2708 914 2800 Britannia,
939 2713 973 2783 δι
1001 2710 1157 2807 Illyrico,

175 2852 268 2923 quos
291 2828 386 2902 idem
409 2833 506 2904 Nero
531 2831 658 2904 eleetos
677 2828 937 2926 praemilsolque
953 2830 999 2901 ad
1015 2833 1162 2905 claustra

174 2946 394 3043 Caspiarum,
424 2953 457 3022 δι
482 2952 626 3042 bellum,
647 2952 746 3048 quod
763 2952 799 3023 in
819 2952 976 3024 Albanos
1000 2954 1159 3048 parabat,

173 3065 415 3163 opprimendis
432 3069 587 3144 Vindicis
612 3071 739 3168 coeptis
763 3068 1003 3146 revocaverat:
1036 3072 1160 3170 ingens

173 3187 275 3262 novis
304 3191 406 3263 rebus
434 3193 591 3281 materia,
627 3213 665 3266 ut
698 3220 769 3266 non
801 3192 838 3265 in
867 3218 978 3265 unum
1005 3193 1160 3292 aliquem

177 3333 292 3406 prono
309 3307 441 3401 favore,
467 3312 515 3385 ita
528 3312 669 3385 audenti
688 3334 814 3410 parata.
965 3374 974 3388 .

223 3432 301 3503 Vll.
327 3432 460 3506 Fontis
496 3454 718 3530 congruerat,
744 3453 784 3507 ut
816 3432 933 3506 Clodii
962 3434 1091 3525 Macri,
1124 3439 1160 3508 ὅτ

174 3549 315 3625 Fonteii
333 3551 515 3649 Capitonis
542 3553 657 3625 caedes
691 3553 942 3630 nuntiarentur.
992 3557 1159 3629 Macrum

172 3671 210 3743 in
228 3669 347 3746 Africa
365 3672 582 3746 hauddubie
600 3675 813 3766 turbantem,
827 3674 1027 3749 Trebonius
1044 3677 1159 3747 Garu·
1199 3722 1200 3725 =

174 3791 310 3885 cianus,
344 3814 563 3892 procurator,
582 3789 676 3889 jussu
706 3796 857 3885 Galbae;
886 3796 1099 3895 Capitonem
1120 3792 1159 3865 in
1216 3874 1249 3898 Ι,
