2820 4694
362 342 761 416 Hrsronraruu
786 342 895 415 Lru.
920 338 1024 416 lV.'
1080 365 1159 444 247.

117 538 120 544 ·
174 505 329 595 Publius,
360 509 469 605 quam
501 509 695 585 Priscus&
719 512 926 599 Marcellus,
961 510 1148 610 ceterique,

172 627 276 703 motis
288 628 330 701 ad
348 630 517 703 ultionem
530 630 667 721 animis,
684 629 979 728 exspcstabantur.

220 750 286 824 xl.
310 751 416 825 Taur
436 775 553 831 rerum
575 751 678 839 statu,
696 752 779 825 cum
791 748 963 824 discordia
980 751 1068 824 inter
1085 777 1146 848 pa·

172 889 255 961 tres,
286 861 337 944 ira*
349 872 444 967 apud
462 871 583 961 vidos,
607 872 702 944 nulla
730 870 766 943 in
791 869 978 948 v'ittoribus
998 870 1147 945 austori-

173 1011 239 1080 tas,
269 1016 340 1064 non
370 993 479 1095 leges,
506 1017 578 1065 non
605 992 768 1087 Princeps
793 990 830 1062 in
854 989 989 1064 civitate
1017 993 1147 1078 essent3

87 1186 88 1193 ,
176 1111 380 1201 Mucianus,
410 1114 549 1185 Urbem
574 1111 754 1209 ingressus,
779 1113 905 1184 cuncta
932 1111 1031 1184 simul
1052 1110 1089 1184 in
1116 1112 1150 1186 se

172 1230 302 1304 traxit:
333 1230 437 1305 frasta
453 1230 561 1304 Primi
578 1230 737 1320 Antonii,
756 1231 905 1328 Varique
923 1230 1012 1304 Arrii
1025 1253 1148 1328 poten·

92 1424 94 1433 ,
173 1349 234 1439 tia,
264 1350 354 1423 mate
387 1350 593 1424 dissimulata
620 1351 656 1423 in
684 1375 743 1424 eos
771 1349 932 1425 Muciani
959 1350 1148 1443 iracundia,

176 1469 337 1567 quamvis
364 1472 464 1544 vultu
489 1492 672 1570 tegeretur.
722 1471 790 1545 Sed
818 1469 951 1560 civitas,
982 1472 1149 1547 rimandis

174 1591 309 1666 ossenfia
341 1589 460 1689 sagax,
496 1611 643 1666 verterat
673 1591 707 1665 se
735 1591 1028 1689 transtuleratque.
1088 1594 1151 1672 llic

174 1737 264 1786 unus
279 1711 424 1802 ambiri,
443 1711 534 1786 coli:
565 1736 629 1786 nec
645 1712 761 1784 deerat
776 1710 858 1808 ipsc,
878 1711 1017 1808 stipatus
1040 1734 1151 1786 arma·
1203 1785 1204 1790 ,

174 1829 232 1921 tis,
260 1832 400 1921 denium
433 1830 618 1929 hortosque
648 1852 860 1928 permutans,
889 1849 1065 1929 apparatu,
1096 1833 1149 1906 in·

81 1993 85 2009 ι
176 1951 282 2041 ceffu,
316 1951 486 2043 excubiis,
521 1951 596 2033 vim
623 1951 795 2048 Principis
819 1946 997 2050 amplecti,
1022 1979 1152 2028 nomen

48 2070 49 2073 ‘
175 2070 357 2148 remittere.
406 2073 601 2148 Plurimum
625 2071 762 2146 terroris
784 2072 899 2147 intulit
925 2073 1036 2148 cades
1068 2074 1149 2147 Cal·

174 2192 292 2292 purnii
320 2193 505 2268 Galeriani.
554 2195 587 2266 Is
616 2189 691 2267 fuit
706 2191 795 2266 filius
819 2193 860 2266 C.
887 2193 1032 2283 Pisonis,
1053 2194 1151 2267 nihil

173 2313 294 2389 ausus:
337 2314 396 2389 sed
428 2338 560 2387 nornen
592 2312 736 2412 insigne,
779 2314 812 2385 δι
846 2313 970 2386 decora
1004 2312 1064 2409 ipsr
1099 2312 1151 2409 ju·

115 2484 116 2487 ,
174 2454 295 2524 venta,
319 2459 459 2508 rumore
483 2432 583 2532 vulgi
611 2436 897 2508 celebrabantur:
929 2452 1095 2530 erantque
1114 2433 1152 2505 iu

176 2553 315 2628 civitate
335 2555 450 2631 adhuc
475 2548 627 2644 turbida,
652 2559 686 2628 be
704 2553 805 2628 novis
825 2552 1038 2627 sermonibus
1058 2553 1150 2643 laetd,

178 2671 238 2767 qui
267 2671 481 2770 principatus
510 2670 650 2747 inanem
673 2672 705 2747 ei
732 2672 861 2750 hunni
888 2673 1152 2748 circumdarent.

178 2791 280 2885 Jutsu
295 2792 466 2882 Muciani,
484 2794 638 2872 cdrodit
654 2793 792 2868 militari
808 2793 954 2883 cindtus,
971 2816 1015 2865 ne
1026 2791 1063 2864 in
1078 2791 1172 2891 ipss!

109 3012 111 3019 y
180 2912 282 2986 Urbe
302 2909 515 3009 conspectior
536 2939 630 2988 mors
656 2910 758 3004 soret,
788 2915 832 2987 ad
855 2914 1154 3012 quadragesimum

87 3087 89 3094 .
129 3043 132 3049 '
179 3033 227 3105 ab
238 3032 338 3107 Urbe
349 3031 517 3129 lapidem,
530 3032 587 3108 via
598 3033 729 3131 Appia,
743 3032 815 3110 suso
826 3059 887 3131 per
899 3058 1003 3108 venas
1015 3032 1152 3132 sangui·

175 3178 233 3242 ne,
256 3152 498 3251 exstinguitur.
530 3153 646 3248 julius
658 3152 807 3242 Priscus,
826 3154 1072 3250 praetoriarum,
1091 3152 1155 3228 sub

177 3272 335 3362 Vitellio,
347 3272 543 3349 cohortium
553 3270 747 3372 praesestus,
760 3271 792 3347 se
809 3271 878 3369 ipse
893 3269 1076 3364 interfecit,
1088 3300 1155 3371 pu·

176 3393 263 3468 dore
283 3392 396 3494 magis
428 3394 538 3491 quam
564 3391 770 3469 necessitate.
829 3393 1013 3489 Alphenus
1044 3395 1156 3468 Varus

178 3511 330 3609 ignaviae
369 3512 595 3613 insamiaeque
634 3511 703 3586 suae
743 3510 919 3611 superfuit.
975 3512 1154 3610 ,ataricus

176 3632 273 3706 enim
297 3633 437 3713 siberttu
468 3636 597 3716 malam
622 3630 813 3732 potentum
845 3632 959 3711 servili
989 3630 1155 3732 supplicio

180 3750 346 3849 expiarit.

640 3877 728 3968 Ra
