2752 4710
156 479 160 485 Ι
208 395 295 481 “5ο
477 379 1046 458 ccotuemrrnerrr
1113 356 1129 415 V·

254 583 333 655 quae
349 555 480 631 facilius
497 557 640 630 turbidis
657 561 690 631 st
708 548 870 651 inquietis
887 555 1107 653 temporibus
1126 551 1234 627 exsti-

160 740 164 747 .
252 677 306 750 tit.
355 678 444 776 Qtis
465 677 597 775 ignorat
613 676 725 749 utilius
749 701 788 749 ac
814 676 936 749 melius
952 679 1021 749 esse
1045 676 1112 749 frui
1130 699 1231 773 pace,

254 799 360 896 quim
379 801 469 870 bello
486 796 627 869 vexari?
680 797 802 869 Plures
828 813 942 868 tamen
958 797 1073 870 bonos
1091 793 1234 894 proelia-

250 913 338 990 tores
355 917 456 1006 bella,
488 917 598 1013 quim
618 942 687 1013 pax
705 915 837 989 serunt(
879 913 1004 987 Similis
1019 913 1239 1012 eloquentiae

249 1035 415 1111 conditi0.
464 1037 562 1108 Nam
591 1035 663 1134 qui)
691 1035 812 1134 saepiits
839 1034 965 1108 steterit
987 1054 1168 1132 tamquam
1197 1033 1239 1107 in

250 1156 337 1245 acie,
354 1154 498 1251 quiaque
515 1157 628 1253 plures
646 1161 680 1230 δι
698 1156 850 1230 intulerit
866 1156 966 1246 idus,
986 1160 1020 1229 &
1039 1153 1238 1250 exceperit,
1265 1144 1268 1154 ’

251 1276 324 1373 qud
342 1273 449 1372 major
466 1275 688 1366 adversarius,
716 1276 757 1353 ed
782 1277 904 1367 acrior,
932 1275 992 1374 qui
1019 1300 1154 1373 pugnas
1173 1273 1238 1357 fibi

251 1397 383 1493 asperas
400 1396 637 1496 desumpserit,
663 1398 760 1472 tantb
788 1400 903 1489 altior,
930 1403 963 1471 &
983 1399 1169 1482 excelfi0r3
1199 1401 1238 1471 a:

252 1516 318 1589 illis
340 1516 542 1591 nobilitatus
560 1518 776 1610 criminibus,
803 1520 840 1593 in
858 1547 917 1594 ore
941 1519 1127 1594 hominum
1144 1517 1237 1616 agit,

254 1664 405 1737 quorum
419 1664 459 1711 ea
476 1661 597 1712 natura
613 1639 676 1739 est,
690 1661 729 1714 ut
745 1640 860 1715 secura
877 1640 997 1715 velint.

302 1743 511 1833 XXXVIII.
537 1761 727 1834 Tanusao
749 1762 792 1834 ad
817 1759 965 1836 sormam
995 1768 1030 1836 bt
1053 1759 1240 1836 consuetu-

252 1880 373 1954 dinem
397 1901 553 1961 veterum
568 1879 807 1979 judiciorum:
839 1909 918 1981 quae
935 1887 993 1957 etsr
1011 1908 1104 1956 nunc
1121 1881 1242 1980 aptior

252 2002 301 2075 est
317 1999 464 2099 veritati,
487 2000 724 2097 eloquentiam
744 2022 859 2076 tamen
877 2004 964 2076 illud
988 2002 1104 2090 forum
1122 2001 1240 2098 magis

253 2124 450 2210 exercebat,
485 2119 519 2191 in
546 2145 618 2217 quo
642 2145 746 2193 nemo
768 2120 857 2195 intra
884 2123 1100 2219 paucissimas
1129 2123 1239 2193 horas

255 2269 411 2342 perorare
427 2243 648 2338 cogebatur,
685 2240 721 2312 δι
747 2242 864 2315 Iiberae
896 2220 1238 2338 comperendinatio-

253 2391 314 2437 nes
331 2382 439 2451 erant,
458 2367 491 2435 ἃ
511 2364 658 2435 modum
676 2361 814 2437 dicendi
829 2362 889 2435 fibi
906 2359 1048 2459 quisque
1063 2359 1238 2451 sumebat,

255 2489 290 2559 δι
307 2509 472 2557 numerus
489 2508 604 2584 neque
620 2483 755 2555 dierum
772 2508 886 2580 neque
896 2501 1119 2578 patronorum
1136 2479 1243 2553 sinie-

255 2609 368 2680 batur.
418 2603 555 2677 Primus
579 2602 774 2703 hujusmodi
789 2601 909 2699 spatia,
927 2601 1027 2675 tertio
1044 2599 1242 2693 consulatu,

254 2729 322 2802 Cn.
338 2725 528 2821 Pompeius
556 2724 751 2816 adstrinxit,
780 2721 1012 2820 imposuitque
1042 2720 1150 2796 veluti
1172 2720 1244 2796 fre·

255 2875 319 2923 nos
336 2846 560 2944 eloquentia,
584 2844 632 2917 ita
648 2864 777 2933 tamen,
796 2864 833 2917 ut
856 2846 973 2917 omnia
997 2842 1033 2915 in
1051 2841 1141 2931 loru,
1162 2868 1244 2917 om·

256 2971 314 3043 nia
331 2967 482 3066 legibus,
498 2964 615 3039 omnia
626 2965 718 3060 apud
737 2984 897 3062 praetores
909 2985 1124 3063 gererentur:
1145 2966 1246 3062 apud

258 3114 348 3186 quos
372 3086 504 3185 quantb
533 3082 663 3183 majora
687 3084 826 3184 negotia
844 3085 938 3160 ‘olim
967 3084 1119 3158 exerceri
1144 3084 1246 3160 solita

259 3212 337 3295 sint,
372 3211 468 3304 quod
498 3205 608 3304 majus
634 3227 883 3305 argumentum
910 3205 971 3294 est,
1005 3206 1112 3300 quim
1143 3205 1245 3302 quod

259 3324 367 3400 causae
385 3326 669 3417 centumvitales,
691 3350 769 3422 quae
794 3352 887 3400 nunc
913 3324 1064 3423 primum
1081 3324 1248 3399 obtinent

261 3449 396 3532 locum,
415 3448 503 3520 adeb
526 3446 709 3545 splendore
725 3447 871 3536 aliorum
882 3442 1096 3543 judiciorum
1113 3447 1248 3520 obrue,

192 3632 193 3635 ,
262 3575 405 3653 bantur,
422 3586 461 3636 ut
487 3592 600 3664 neque
615 3565 806 3656 Ciceronis,
825 3592 939 3663 neque
955 3566 1107 3654 Caesaris,
1124 3590 1253 3665 neque

264 3687 376 3780 bruti,
401 3708 515 3781 neque
543 3686 661 3775 Coelii,
694 3711 808 3785 neque
840 3687 953 3776 Calvi,
989 3712 1059 3760 non
1090 3684 1255 3786 deniquo

267 3811 370 3907 pilius
398 3803 518 3905 magni
535 3805 677 3879 oraturis
698 3807 787 3903 liber
806 3809 901 3904 apud
919 3804 1156 3899 centumviros
1172 3809 1255 3905 dic,
