2766 4658
151 339 181 393 ’.
248 337 319 436 30⁶
425 329 1052 413 emorrannum

249 518 279 559 “
297 510 481 609 praecipuae
505 510 678 592 bellorum
695 507 812 585 causae.
861 508 1015 598 Proinde
1041 532 1165 608 pacem
1190 512 1229 585 δε
1289 592 1294 604 s

222 696 225 705 .
251 640 280 675 “
299 635 447 720 Urbem,
464 657 569 729 quam
587 629 671 703 vicli
700 627 908 727 visloresque
924 630 1049 704 eodem
1066 627 1143 726 jure
1159 631 1226 708 ob·
1262 637 1263 640 ’

250 761 278 798 “
295 753 457 843 tinemut,
483 749 744 839 amate,'colite.
780 753 949 830 Moneaut
968 775 1030 825 vos
1048 748 1227 848 utriusque

249 873 278 922 ’ί
295 871 441 953 fortune
458 872 684 960 documenta,
708 896 752 949 ne
779 871 1031 949 contumaciam
1048 896 1129 947 cunr
1147 894 1226 967 per·
1336 919 1339 927 ..

251 1000 279 1047 “
296 993 399 1081 nicie,
427 992 535 1089 quant
548 989 754 1088 obsequium
771 1016 853 1067 curn
871 977 1044 1066 securitate
1062 989 1226 1067 malitis’*

249 1113 331 1190 Tali
349 1111 504 1191 oratione
522 1110 679 1209 graviora
696 1129 889 1190 metuentes
906 1111 1110 1209 composuit,
1126 1134 1225 1187 eterr-
1250 1203 1254 1211 f

247 1234 356 1332 itque.
398 1260 404 1278 ’
623 1319 625 1323 .

284 1353 450 1432 LXXV.
475 1353 754 1430 Teuannurun
775 1351 907 1427 victore
924 1351 1078 1426 exercitu
1094 1353 1226 1427 Treve-
1283 1405 1290 1411 -

251 1474 296 1564 ri,
321 1474 402 1550 ciam
419 1472 540 1549 Civilis
560 1480 592 1548 bt
610 1475 770 1546 Classicus
789 1474 911 1548 misere
928 1473 1085 1571 epistolas
1099 1474 1142 1546 ad
1159 1473 1228 1546 Ce-

181 1609 185 1612 ’
251 1596 383 1683 rialern,
414 1620 562 1691 quarum
588 1597 662 1669 haec
691 1592 854 1667 sententia
880 1593 956 1668 fuit.
1008 1602 1034 1636 “
1054 1591 1228 1687 Vespasia-

251 1719 280 1759 “
297 1739 399 1803 num,
427 1740 643 1812 quamquam
671 1714 782 1788 nuntii
806 1717 1032 1804 occultarent,
1055 1714 1227 1786 exceffissa

156 1890 161 1899 Ι
252 1839 281 1885 “
299 1832 390 1920 vicl.
430 1835 569 1909 Urbem
586 1857 690 1932 atque
707 1836 854 1924 ltaliam,
880 1835 1014 1909 interno
1032 1835 1122 1914 bello
1139 1858 1225 1906 con-

251 1956 280 1995 “
297 1949 483 2048 sumptam.
533 1947 695 2031 Muciani
710 1982 750 2033 ae
772 1954 963 2028 Domitiani
992 1981 1081 2028 vana
1105 1956 1228 2028 &fine

249 2070 426 2146 “viribus
455 2073 608 2154 nomina.
658 2074 693 2148 Si
717 2075 855 2157 Cerialis
882 2074 1068 2172 imperium
1092 2073 1226 2147 Gallia-

248 2194 277 2244 “
295 2212 382 2267 rum'
399 2191 496 2284 velit,
522 2192 612 2292 ipsos
630 2194 758 2274 finibus
776 2194 953 2273 civitatum
978 2192 1114 2274 suamrn
1139 2219 1226 2267 cona

248 2319 277 2367 “
295 2333 433 2393 tentos:
461 2319 483 2389 sr
514 2316 676 2412 ptoeliunr
706 2318 838 2405 mallet,
867 2341 910 2395 ne
934 2316 971 2388 id
988 2313 1130 2412 quidem
1159 2314 1224 2385 ab·
1294 2392 1300 2402 ,

251 2441 279 2481 “
297 2438 444 2510 nuere.’·'.
484 2438 544 2514 Ad
561 2463 601 2513 ea
614 2438 753 2515 Cerialis
777 2437 880 2516 Civili
903 2441 935 2517 δι
953 2437 1095 2513 Classico
1112 2432 1224 2507 nihile

250 2580 345 2646 eum,
375 2555 435 2654 qui
453 2558 608 2633 attulerat
626 2555 712 2652 ipsas
726 2557 898 2654 epistolas,
923 2557 968 2633 ad
981 2554 1226 2635 Domitianum

249 2677 350 2759 rnisrt.
400 2677 542 2766 Hostes,
571 2677 686 2751 divifis
716 2676 840 2774 copiis,
869 2673 1226 2771 advenere-undique.

245 2798 404 2895 Plerique
420 2799 608 2892 culpabant
630 2797 814 2888 Cerialem,
841 2799 976 2895 pallum
990 2793 1107 2894 jungi,
1138 2819 1228 2891 quos

248 2919 412 2998 discretos
428 2916 634 3016 intercipere
655 2918 810 2998 licuisset.
855 2921 1040 2998 Romanus
1056 2902 1228 2992 exercitus

249 3039 356 3113 castra
381 3037 467 3114 fossa
503 3028 669 3138 valloque
691 3037 949 3116 circumdedit:
987 3039 1066 3135 quls
1098 3056 1229 3111 temera

249 3176 349 3231 antea
364 3158 481 3234 intutis
499 3159 707 3235 consederat.
749 3159 860 3257 Apud
878 3161 1086 3248 Germanos,
1110 3155 1226 3235 diver·

195 3320 203 3336 ι
251 3277 291 3349 fis
307 3274 477 3355 sententiis
496 3282 700 3360 certabatur.

298 3397 470 3474 LXXVI.
496 3402 654 3477 Crvrrrs
684 3399 964 3497 “opperiendas
991 3393 1223 3477 Transrhena-

248 3520 277 3560 “
295 3539 419 3588 norum
448 3539 580 3614 gentes,
616 3546 763 3618 quarum
791 3540 918 3597 terrore
948 3517 1059 3596 sraclae
1098 3512 1225 3611 populi

245 3642 276 3680 “
294 3635 447 3711 Romani
465 3637 552 3713 vires
578 3644 826 3717 obtererentur.
875 3638 993 3715 Gallos
1010 3632 1097 3730 quid
1111 3632 1225 3724 aliud,

243 3762 271 3800 “
290 3755 397 3858 quam
412 3756 567 3854 predam
585 3758 798 3837 victoribus?
826 3766 990 3843 &tamen
1006 3755 1105 3856 quo'd
1119 3755 1222 3835 robe
