2766 4658
317 327 564 405 Drnnoous
596 348 656 403 on
688 326 1045 405 Onaronrnun
1109 353 1156 432 53

179 504 364 605 cepimus?
383 533 530 605 quarum
546 504 728 581 civitatum
743 506 947 584 severiffima
962 504 1158 606 disciplina,

182 631 216 702 δι
260 627 470 703 severiffimae
514 630 607 727 leges
641 629 834 703 traduntur.
886 631 954 703 Ne
985 630 1158 704 Macedo·

178 772 270 824 num
302 748 459 848 quidem,
497 773 538 822 ac
571 747 764 841 Persarum,
796 769 855 823 aut
890 748 995 823 ullius
1029 748 1158 849 gentis,

179 896 262 968 quae
289 890 384 944 certo
408 867 556 965 imperio
585 888 749 943 contenta
773 869 889 960 suerit,
923 871 1160 969 eloquentiam

179 989 357 1063 novimus.
412 987 549 1061 Rhodii
579 986 741 1086 quidam,
767 988 910 1085 plurimi
933 990 1161 1066 Athenienses

178 1128 331 1205 oratores
365 1107 581 1200 exstiterunt,
609 1110 705 1207 apud
729 1134 818 1207 quos
843 1110 961 1183 omnia
993 1113 1162 1211 populus,

178 1226 301 1302 omnia
334 1227 500 1326 imperiti,
529 1228 660 1319 omnia,
691 1248 729 1303 ut
763 1233 808 1304 fic
837 1229 1003 1319 dixerim,
1036 1255 1161 1305 omnes

180 1366 350 1448 poterant.
399 1349 531 1423 Nostra
559 1374 701 1447 quoque
728 1348 863 1442 civitas,
886 1349 1000 1423 donec
1023 1349 1163 1442 erravit,

178 1471 294 1545 donec
322 1466 357 1541 se
385 1469 554 1567 partibus,
590 1469 628 1542 δι
659 1470 935 1562 dill'enfionibus,
970 1474 1004 1544 δι
1033 1467 1165 1544 discor·

178 1591 245 1665 diis
263 1587 426 1683 confecit,
442 1592 556 1665 donec
574 1592 669 1665 nulla
684 1590 748 1665 fuit
767 1591 803 1665 in
819 1591 895 1666 foro
912 1616 995 1689 pax,
1014 1593 1110 1665 nulla
1125 1589 1164 1666 in

179 1711 298 1788 senatu
315 1710 513 1801 concordia,
530 1712 626 1786 nulla
641 1710 677 1785 in
687 1710 828 1811 judiciis
843 1712 1051 1804 moderatio,
1063 1713 1167 1789 nulla

76 1829 79 1835 ’
178 1834 396 1932 superiorum
420 1831 626 1945 reverentia,
651 1835 767 1907 nullus
788 1833 1056 1932 magistratuum
1083 1858 1164 1907 mo·

180 1958 260 2045 dus,
295 1954 374 2029 tulit
414 1956 483 2027 fine
513 1952 624 2027 dubio
654 1953 881 2029 valentiorem
912 1952 1166 2052 eloquentiam,

179 2075 278 2151 ficuti
305 2074 498 2148 indomitus
524 2098 609 2173 ager
634 2075 740 2148 habet
765 2075 933 2171 quasdam
959 2054 1082 2149 herbas
1102 2075 1164 2148 la-

177 2195 297 2270 tioren
345 2196 413 2268 Sed
431 2221 496 2267 nec
512 2192 599 2266 tanti
614 2190 818 2289 reipublicae
832 2193 1074 2266 Gracchorum
1091 2195 1180 2266 elo·x

177 2293 323 2413 quentia
342 2310 423 2400 fuit,
442 2330 482 2383 ut
507 2310 733 2408 pateretur&
756 2312 871 2410 leges:
890 2337 954 2385 nec
972 2314 1075 2386 bona
1092 2309 1177 2405 for-p

181 2457 279 2508 mam
296 2429 507 2529 eloquentia
524 2429 651 2505 Cicero
669 2429 729 2505 tali
746 2431 844 2506 exitu
867 2431 1032 2531 pensavit.

229 2554 332 2628 XLI.
356 2554 422 2626 Src
458 2576 616 2651 quoque,
648 2552 747 2651 quod
767 2551 916 2650 superest
937 2578 985 2627 ex
1013 2550 1165 2651 antiquio

184 2670 395 2771 oratoribus,
412 2671 542 2763 forum,
562 2698 635 2745 non
651 2673 861 2764 emendatae,
875 2699 940 2748 nec
956 2674 1103 2774 usquam
1118 2676 1166 2751 ad

95 2874 98 2888 .
180 2806 308 2866 votum
324 2778 540 2891 compositae,
553 2792 703 2868 civitatis
715 2813 962 2895 argumentum
974 2796 1036 2870 est.
1076 2795 1167 2895 Quis

178 2912 275 2987 enirn
303 2939 367 2988 nos
391 2915 553 3005 advocat,
586 2912 648 2988 nifi
679 2933 740 2988 aut
772 2939 915 3005 nocens,
943 2935 1003 2988 aut
1036 2913 1163 2990 miser?

95 3111 101 3119 p
146 3029 164 3039 ”
179 3035 282 3133 quod
314 3034 548 3134 municipium
582 3033 619 3107 in
653 3033 832 3110 'civitatem
864 3020 1018 3109 nostram
1052 3035 1165 3127 venit,

166 3154 244 3259 ¹nist
262 3155 358 3253 quod
376 3177 435 3230 aut
457 3154 593 3230 vicinus
612 3156 779 3254 populus,
806 3175 866 3227 aut
888 3155 1080 3231 domestica
1095 3155 1163 3231 dis·

180 3275 302 3357 cordia
317 3276 446 3375 agitat?
475 3301 584 3374 quarn
602 3274 821 3374 provinciam
838 3295 989 3367 tuemur,
1008 3277 1069 3351 nisi
1085 3276 1168 3377 spo«

183 3393 304 3486 liatam
329 3399 589 3494 vexatamque?
653 3396 765 3493 Atqui
792 3396 916 3471 melius
945 3396 1058 3472 suisset
1091 3424 1163 3472 non

181 3516 296 3613 queri,
328 3517 435 3617 quam
458 3515 640 3592 vindicari.
688 3515 844 3615 Qrddfi
873 3517 1084 3593 inveniretur
1099 3518 1162 3592 ali·
1228 3535 1231 3542 '

180 3659 251 3733 qua
284 3635 419 3730 civitas,
445 3637 481 3713 in
501 3639 573 3737 qua
594 3661 700 3713 nemo
728 3659 902 3737 peccaret,
934 3639 1163 3740 supervacuus
