2806 4694
68 377 72 392 ,
273 304 368 381 ιδ’,
496 300 1067 378 oconnzeurtcm

204 525 207 530 -
275 476 488 566 “‘fuerisssr
514 478 594 552 duae
623 477 792 577 legiones,
823 476 859 550 in
880 478 956 555 ,hoc
983 480 1132 552 concutit
1155 473 1255 553 orbir

276 605 304 641 “
321 617 435 688 motu,
465 599 624 672 nondum
641 597 833 698 quiescunt.
882 602 942 675 Ne
957 597 1029 698 ipse
1044 599 1189 698 quidem
1205 598 1252 671 ad

276 725 304 760 “
322 715 455 792 securas
477 745 529 793 res
549 722 699 807 ttcceffi:w
727 724 761 794 δι
790 719 908 828 auditi
934 719 1136 817 adoptione,
1165 721 1252 792 defi·

276 844 305 881 “
324 864 405 912 nam
421 839 532 914 videri
548 839 668 932 senex,
697 843 795 940 quod
824 867 920 916 nunc
944 840 1032 916 milti
1055 865 1166 915 unum
1190 841 1254 911 ob-

275 965 304 1062 ’ἶ
314 956 445 1057 jicitur.
495 959 597 1034 Nero
618 964 796 1060 apeffimo
813 984 956 1061 quoque
971 961 1107 1060 semper
1121 960 1255 1034 defide-

276 1087 305 1123 “
322 1081 478 1156 rabitur:
513 1081 605 1156 mihi
634 1107 675 1155 ac
709 1081 775 1155 tibi
810 1082 1070 1180 providendum
1104 1082 1167 1170 est,
1210 1099 1255 1153 ne

277 1208 306 1244 “
324 1201 429 1276 etiam
446 1228 467 1275 a
483 1202 584 1276 bonis
598 1203 820 1276 desideretur.
870 1204 1018 1276 Monere
1029 1201 1174 1293 diutius,
1194 1198 1266 1273 ne-'

276 1330 397 1422 “que
424 1322 591 1422 temporis
619 1320 746 1421 hujus;
785 1325 819 1395 δι
853 1321 1040 1418 impletum
1069 1321 1119 1394 est
1150 1345 1259 1394 omne

276 1453 306 1488 ⁴‘
324 1443 519 1531 consilium,
544 1445 566 1514 si
594 1433 629 1517 te
654 1445 744 1517 bene
766 1441 868 1540 elegi.
917 1441 1127 1516 Utiliffimus
1145 1440 1259 1533 idern,

278 1570 307 1607 “
323 1589 364 1638 ac
382 1560 596 1635 brevissimus
613 1563 786 1636 bonarum
803 1564 1046 1661 malarumque
1062 1587 1178 1635 rerum
1195 1562 1255 1634 de·

277 1690 305 1728 “
323 1683 443 1769 lectus,
461 1680 628 1780 cogitare,
648 1683 735 1781 quid
753 1703 812 1756 aut
829 1683 978 1757 volueris
994 1682 1059 1757 sub
1074 1682 1142 1755 alio
1158 1680 1256 1754 Prin-

277 1810 306 1846 “
323 1800 416 1899 cipe,
434 1822 493 1875 aut
509 1802 674 1876 nolueris.
722 1805 851 1902 Neque
867 1802 962 1878 enim
992 1804 1067 1894 hic,
1092 1823 1132 1876 ut
1149 1801 1185 1875 in
1201 1827 1257 1876 ce-

278 1930 307 1968 “
324 1923 404 1995 teris
432 1923 607 2020 gentibus,
632 1949 712 2020 quae
738 1945 941 2022 regnantur,
973 1945 1067 1998 certa
1094 1923 1256 1998 domino·
1319 1929 1323 1943 '

277 2050 307 2088 “
325 2070 405 2118 rum
428 2044 569 2132 domus,
589 2046 623 2115 δι
639 2043 743 2116 ceteri
759 2042 870 2118 servi:
898 2045 956 2118 sed
974 2046 1206 2144 imperaturus
1221 2068 1260 2118 es

278 2171 308 2208 “
326 2162 541 2253 hominibus,
569 2162 630 2260 qui
659 2188 723 2238 nec
750 2184 862 2239 totam
878 2164 1076 2240 servitutem
1093 2164 1164 2262 pati
1181 2163 1260 2262 pos-

280 2293 307 2330 “
326 2285 415 2376 sunt,
443 2308 507 2358 nec
535 2270 647 2371 totoni
676 2283 908 2360 libertatem.”
959 2289 1007 2358 Et
1036 2285 1152 2358 Galba
1180 2284 1258 2383 qui-

275 2407 376 2497 dem,
403 2407 480 2479 haec
510 2429 550 2477 ac
567 2404 661 2495 talia,
690 2426 870 2504 tamquam
888 2405 1087 2503 Principem
1105 2403 1259 2492 faceret;

277 2525 399 2615 ceteri,
425 2544 605 2621 tamquam
631 2550 714 2596 curn
738 2523 830 2606 fado
854 2528 1101 2622 loquebantur.

329 2647 446 2718 XVII.
470 2647 653 2717 Pisonum
679 2642 796 2716 ferunt
823 2643 937 2717 statim
966 2646 1194 2736 intuentibus,
1225 2648 1260 2718 δι

280 2790 368 2838 niort
401 2762 563 2863 conjedlis
594 2763 630 2836 in
659 2789 741 2837 eum
771 2763 933 2838 omniurn
962 2766 1087 2856 oculis,
1122 2767 1262 2839 nullum

279 2886 424 2973 turbati,
453 2907 513 2956 aut
537 2883 752 2975 exsultantis,
780 2882 887 2958 animi
904 2904 1042 2958 motum
1061 2873 1259 2983 prodidisse.

280 3008 402 3078 Sermo
418 3029 502 3099 erga
519 3024 654 3100 patrem
671 3007 991 3102 Imperatoremque
1017 3029 1189 3095 reverens,
1214 3005 1261 3077 de

281 3125 317 3199 se
333 3126 543 3213 moderatus,
560 3122 645 3195 nihil
663 3123 699 3196 in
715 3127 814 3199 vultu
838 3125 1031 3224 habituque
1058 3145 1260 3200 mutatum:
1341 3137 1344 3150 ²

165 3240 168 3246 ’
281 3249 377 3343 quast
402 3245 568 3341 imperate
592 3244 701 3339 pollet
730 3245 855 3344 magis,
872 3247 981 3344 quim
998 3246 1115 3320 vellet.
1164 3247 1260 3346 §on-

283 3365 446 3438 lultatum
476 3362 572 3452 inde,
597 3368 703 3458 “pro
730 3364 862 3456 rostris,
885 3391 930 3439 an
946 3365 984 3437 in
1000 3364 1133 3455 senatu,
1156 3390 1201 3437 an
1225 3363 1264 3437 in

284 3492 313 3528 “
332 3483 447 3559 castris
463 3482 606 3580 adoptio
623 3488 920 3582 nuncuparetut.''
971 3494 998 3530 “
1013 3487 1059 3560 Iri
1076 3487 1112 3559 in
1130 3486 1263 3559 castra”

284 3601 437 3709 placuit:
471 3610 498 3646 “
515 3601 748 3677 honorificum
766 3607 802 3679 id
820 3605 985 3680 militibus
1001 3597 1263 3701 foretqulrum

284 3735 313 3773 “
331 3725 501 3817 fororem,
523 3742 562 3797 ut
579 3723 763 3822 largitione
788 3730 822 3802 &
846 3725 979 3804 atnbitu
996 3725 1087 3802 male
1105 3722 1259 3823 adquiri,
