2806 4694
250 308 303 446 '54
447 336 794 414 cconnarn
828 334 1038 413 Tncrrt

245 539 353 617 quam
370 516 458 591 bene
475 516 521 589 de
540 515 692 613 partibus
710 513 870 606 meritus,
889 514 986 587 nullo
1004 510 1101 610 apud
1117 509 1230 582 Vitel·
1315 522 1317 528 '

245 640 332 714 lium
349 637 481 713 honore
498 634 582 710 suit:
597 615 744 711 'secretis
758 661 840 710 eum
857 632 1160 710 criminationibus
1177 630 1231 704 in·

180 801 182 805 s
244 759 436 833 famaverat
453 759 581 831 Fabius
606 757 782 857 ignarum,
812 762 845 832 δι
875 755 947 856 qud
975 755 1145 829 incautior
1168 754 1231 825 de·

250 881 434 979 ciperetur,
454 880 569 976 palam
588 880 781 953 laudatum.

294 1003 414 1075 LXV.
440 1004 638 1073 Verritum
664 1001 753 1074 inter
770 996 1027 1098 Lugdunenses
1050 995 1230 1070 Viennen-

244 1123 361 1221 sesque
387 1120 596 1195 discordiam
622 1119 825 1216 proximum
851 1122 987 1193 bellum'
1012 1119 1229 1192 accenderat:

246 1245 367 1318 nrultae
382 1241 535 1314 invicem
549 1241 678 1330 clades,
698 1241 851 1313 crebrius
864 1240 1102 1336 infestiusque,
1121 1237 1232 1337 quim

243 1385 283 1438 ut
308 1364 445 1435 tantum
471 1381 613 1459 propter
637 1363 822 1435 Neronem
848 1360 1072 1458 Galbamque
1097 1383 1234 1457 pugna·

244 1506 350 1558 retur.
402 1484 449 1555 Et
483 1485 598 1556 Galba
630 1483 758 1555 reditus
791 1484 1235 1580 Lugdunensium,occa·

179 1628 185 1648 *
245 1608 338 1677 sione
360 1603 433 1691 irae,
464 1602 500 1675 in
529 1599 651 1695 fiscum
676 1621 833 1681 verterat.
858 1678 861 1684 f
884 1603 1025 1676 Multus
1049 1599 1170 1674 contri
1196 1598 1234 1672 in

248 1722 459 1799 Viennenses
485 1724 616 1795 honor:
644 1725 739 1797 unde
763 1722 955 1813 aemulatio,
975 1728 1008 1796 δι
1026 1720 1169 1811 invidia,
1199 1723 1235 1792 δε
1316 1707 1319 1710 ’

246 1861 319 1917 uno
336 1869 440 1916 amne
456 1841 609 1917 discretis
619 1867 823 1918 connexum
835 1844 971 1917 odium.
1003 1837 1232 1941 Igitur'Lug-

242 1961 411 2037 dunenses
428 1963 649 2037 exstimulare
666 1967 819 2064 singulos
837 1964 1005 2052 militum,
1032 1969 1066 2037 sle
1084 1963 1120 2035 in
1138 1986 1235 2035 ever·

246 2088 377 2158 sionem
399 2084 648 2158 Viennensium
671 2084 866 2183 impellere,
898 2092 926 2128 “
945 2083 1113 2173 obselsam
1129 2085 1174 2155 ab
1191 2081 1234 2154 il·

248 2204 336 2278 “lis
366 2205 541 2279 coloniam
574 2204 684 2295 suam,
724 2204 862 2303 adjutos
888 2187 1044 2277 Vindicis
1073 2219 1235 2292 conatus,

246 2324 499 2424 “conscriptas
523 2353 636 2426 nuper
665 2327 821 2426 legiones
848 2325 886 2399 in
916 2322 1114 2423 praefidium
1148 2321 1235 2395 Gal·

244 2456 272 2491 “
292 2450 370 2521 bae''
398 2444 589 2524 referendo.
654 2452 701 2522 Et
717 2447 779 2520 ubi
805 2445 920 2520 causas
950 2439 1114 2518 odiorum
1142 2468 1234 2541 prae·

245 2569 441 2657 tenderant,
490 2567 774 2666 magnitudinem
822 2567 950 2664 praedae
993 2564 1234 2644 ostendebant.

242 2690 321 2762 Nec
339 2685 416 2785 jam
440 2686 801 2777 secretaexhortatio,
830 2682 889 2760 sed
909 2684 1062 2784 publicae
1086 2710 1233 2784 preces:

246 2815 275 2852 “
292 2810 384 2893 Irent
401 2810 546 2897 ultores,
571 2806 810 2881 exscinderent
827 2805 951 2897 sedem·
968 2806 1100 2881 Gallici
1125 2806 1207 2882 belli
1223 2835 1234 2887 t

192 3030 193 3034 Ἰ
244 2934 280 2971 “’
291 2931 416 3001 cunda
427 2928 498 3003 illic
516 2949 661 3004 externa
677 2932 711 3003 δι
729 2927 884 3003 hostilia:
911 2926 946 3003 se
963 2927 1143 3002 coloniam
1156 2932 1252 3002 Ro-·

247 3053 274 3090 “
294 3074 449 3139 marram,
490 3054 528 3124 de
553 3069 687 3148 partem
712 3049 899 3140 exercitus,
930 3052 964 3121 δι
996 3046 1237 3146 prosperarum

246 3167 580 3268 “adversarumque
606 3196 723 3244 rerum
739 3169 873 3245 socios:
905 3173 929 3244 ss
947 3168 1087 3245 fortuna
1111 3169 1235 3249 contr&
1303 3243 1306 3255 ,

251 3296 280 3332 “
297 3289 412 3378 daret,
431 3289 521 3363 iratis
538 3316 582 3364 ne
599 3292 914 3390 relinquerentur.”

295 3410 430 3482 LXVI.
456 3413 536 3485 H1s
567 3418 601 3485 bc
632 3413 792 3510 pluribus
823 3413 861 3486 in
889 3414 1055 3488 eumdem
1085 3411 1237 3488 modum

248 3530 484 3629 perpulerant,
513 3552 616 3606 utne
643 3533 749 3631 legati
774 3534 934 3632 quidem,
965 3560 1005 3607 ac
1026 3535 1134 3608 duces
1157 3558 1237 3631 par·

185 3695 188 3704 f
243 3653 348 3744 tium,
383 3649 548 3749 restingui
574 3654 670 3748 posse
695 3653 911 3728 iracundiam
935 3653 1106 3727 exercitlls
1142 3652 1234 3726 arbi·

170 3820 176 3833 ·
235 3793 426 3858 trarentur:
456 3772 539 3847 clun
563 3772 658 3855 haud
681 3772 798 3874 ignari
821 3772 1028 3857 discriminis
1046 3773 1096 3857 sui
1121 3774 1231 3860 Vicus
