2766 4658
344 356 739 450 Htsroatnnuu
774 350 983 479 Liuii.-¹
1079 380 1144 455 321

169 528 200 572 “
215 529 435 619 Bocchorim,
469 532 565 605 adito
601 534 818 609 Hammonis
852 536 1007 622 oraculo,
1039 558 1150 605 reme«

156 656 196 715 .“
214 648 313 724 dium
342 671 530 747 petentem,
560 634 720 751 purgare
740 680 901 752 regnum,
928 653 1023 728 &id
1040 676 1149 750 genus

168 776 196 812 “
213 771 412 862 hominum,
442 793 480 845 ut
504 772 653 846 invisum
670 775 758 864 deis,
790 775 870 848 alias
892 775 928 847 in
952 795 1055 845 terras
1072 799 1151 852 ave·

168 899 196 933 “
213 894 293 966 here
309 891 444 987 jussum.
485 895 539 968 sic
554 896 785 992 conquisitum
803 897 1062 991 collestumque
1074 894 1151 966 vul-

169 1020 196 1055 “
216 1040 294 1110 gns,
325 1014 509 1111 postquam
534 1015 637 1087 vastis
665 1018 749 1090 locis
766 1018 924 1089 relietum
944 1020 1005 1102 s1t;
1032 1016 1151 1088 ceteris
1180 994 1185 1003 .

168 1141 279 1231 “per
304 1133 463 1206 lacrimas
492 1136 725 1232 torpentibus,
750 1136 892 1226 Mosen,
920 1162 1032 1221 unum
1051 1134 1150 1209 exsu-

169 1262 197 1296 “
217 1256 310 1344 lum,
337 1255 519 1343 monuisse,
549 1282 593 1327 ne
621 1283 726 1354 quarn
751 1259 899 1330 deorum
924 1256 1151 1329 hominumve

169 1381 319 1471 “opem
344 1376 591 1472 exspestarent,
620 1378 795 1475 utrimque
820 1377 942 1450 deserti
951 1407 961 1462 ;
990 1377 1048 1450 sed
1073 1376 1149 1449 stbi·

169 1501 197 1535 “
217 1516 303 1585 met,
338 1519 375 1570 ut
401 1497 480 1570 duci
510 1498 649 1586 calesti,
685 1501 876 1586 crederent,
913 1494 1027 1595 primo
1056 1496 1152 1594 cujus

98 1712 100 1721 J
168 1623 197 1658 “
214 1617 344 1690 auxilio
360 1619 539 1713 praesentes
557 1617 704 1691 miserias
724 1620 966 1715 pepulissent.''
1016 1617 1151 1691 Adsen-

166 1738 254 1828 sere,
284 1759 390 1836 atque
412 1739 571 1811 omnium
594 1739 703 1836 ignari
729 1737 914 1812 fortuitum
939 1739 1000 1812 iter
1027 1738 1150 1834 incipi-

164 1879 242 1931 unt.
292 1861 359 1932 Sed
377 1860 464 1932 nihil
482 1860 597 1956 aeque,
624 1860 730 1956 quam
749 1858 869 1955 inopia
892 1884 1007 1957 aquae,
1025 1857 1149 1956 fatiga·

166 1979 238 2050 bat.
263 1981 423 2078 Jamque
435 1983 529 2054 haud
544 1982 667 2076 procul
681 1978 803 2068 exiti0‚
818 1979 899 2053 totis
916 1979 1049 2078 campis
1068 2005 1150 2077 pro·

165 2102 369 2190 cubuerant,
388 2103 468 2174 curn
487 2127 575 2198 grex
598 2104 770 2173 asrnorum
788 2100 990 2197 agrestium,
1014 2125 1033 2173 c
1055 2101 1152 2196 pastu

161 2220 199 2293 in
222 2247 362 2318 rupem,
396 2246 541 2293 nemore
569 2247 732 2316 opacam,
772 2218 944 2292 concessit.
1008 2224 1166 2297 Secutus,

162 2339 297 2429 Moses,
317 2338 513 2436 conjestura
530 2341 665 2414 herbidi
679 2322 753 2429 soii,
773 2341 883 2437 largas
901 2365 1070 2436 aquarum
1088 2366 1149 2415 vc·

164 2484 226 2531 nas
238 2456 363 2555 aperit:
408 2463 448 2535 ld
467 2463 647 2536 levamen:
669 2461 922 2536 &continuum
939 2460 996 2534 sex
1014 2460 1151 2534 dierum

165 2579 230 2651 iter
257 2582 399 2669 emensr,
423 2580 583 2678 septimo,
611 2585 713 2679 pulfis
739 2582 945 2670 cultoribus,
969 2579 1151 2653 obtinuere

165 2718 286 2788 terras,
299 2700 336 2772 in
354 2703 433 2797 quis
450 2706 533 2776 urbs
551 2706 584 2774 ὅτ
603 2705 776 2799 templum
789 2704 913 2777 dicata.
955 2704 957 2707 ’
1100 2789 1102 2797 ¹

214 2823 276 2893 lv.
302 2823 453 2913 Mosus,
483 2823 556 2919 qui>
579 2823 639 2896 fibi
665 2824 701 2896 in
727 2825 900 2921 posterum
924 2844 1064 2922 gentem
1090 2827 1146 2896 fir·

166 2961 289 3031 maret,
319 2966 431 3014 novos
448 2942 544 3031 ritus,
577 2943 831 3040 contrariosque
856 2944 974 3016 ceteris
997 2945 1150 3017 mortali·

99 3053 103 3072 '
166 3052 246 3152 bus,
273 3060 411 3136 indidit.
462 3063 611 3136 Prosana
635 3064 706 3136 illic
724 3064 857 3153 omnia,
876 3091 954 3161 quae
970 3066 1063 3161 apud
1087 3090 1152 3137 nos

164 3183 279 3257 sacra:
311 3180 444 3255 rursum
472 3186 628 3256 concessa
645 3187 739 3280 apud
763 3184 854 3273 illos,
881 3213 959 3282 qua
976 3185 1078 3258 nobis
1097 3186 1149 3257 in-

165 3303 265 3377 cesta.
317 3302 481 3400 Effigiem
512 3304 683 3391 animalis,
710 3330 781 3400 quo
811 3305 1025 3376 monstrante
1055 3331 1153 3387 erro·x

163 3450 238 3498 rem
256 3422 417 3521 sitimque
434 3424 652 3520 depulerant,
671 3422 835 3519 penetrali
853 3422 1046 3510 sacravere3
1066 3424 1153 3498 caeso

165 3545 282 3635 ariete,
317 3546 411 3618 velut
441 3544 476 3617 in
513 3543 759 3616 contumeliam
796 3545 1021 3617 Hammonis.
1087 3547 1153 3617 Bos

164 3689 307 3762 quoque
330 3666 543 3754 immolatur,
571 3689 678 3762 quem
706 3664 869 3762 AEgyptii
895 3665 994 3761 Apin
1016 3646 1155 3736 colone

164 3786 232 3859 Sue
257 3787 440 3878 abstinent,
468 3784 636 3860 memoris
665 3784 785 3878 cladis,
817 3789 886 3885 qus
915 3784 1002 3884 ipsos
1017 3782 1151 3857 'scabies
1184 3864 1186 3868 .
