2844 4704
244 371 316 447 ¹30
471 348 1047 425 aeornmrTrcrrr

244 530 273 567 ‘⁶
291 521 365 598 dito
394 522 522 597 Vitellii
552 524 770 601 &Othonis
799 524 1009 625 principatu,
1045 521 1223 630 propriam

244 643 359 741 “ipse
396 645 600 743 potentiam,
635 649 670 720 δι
704 649 943 745 possessionem
973 644 1225 742 Hispaniarum

244 770 272 809 “
290 767 470 840 tentasset:
503 766 616 865 eoque
639 767 890 865 diplomatibus
919 768 1057 840 nullum
1089 762 1223 839 Princi-

243 885 372 982 “pem
401 886 686 984 praescripsrffet.’'
736 884 1031 985 Interpretabatur
1060 887 1223 985 quaedam

200 1070 204 1080 .
245 1033 290 1080 ex
308 1007 528 1081 orationibus'
541 1005 626 1106 ejus,
656 1008 905 1082 contumeliosa
921 1009 955 1081 in
968 1007 1164 1099 Vitellium,
1190 1011 1224 1083 δι

244 1154 309 1226 pro
333 1128 366 1202 se
390 1127 462 1225 ipso
488 1126 683 1226 popularia.
734 1130 931 1211 Austoritas
948 1128 1067 1202 Cluvii
1093 1151 1225 1226 praeva·

244 1248 322 1340 luit,
345 1267 386 1322 ut
402 1248 518 1347 puniri
534 1250 624 1322 ultro
648 1249 813 1322 libertum
837 1247 939 1324 suum
956 1249 1113 1325 Vitellius
1123 1248 1227 1349 jube·

242 1389 305 1444 ret.
370 1369 517 1444 Cluvius
550 1369 731 1443 comitatui
761 1367 930 1469 Principis
957 1368 1123 1470 adjeuus,
1157 1396 1229 1445 non

244 1492 409 1589 adempta
426 1491 612 1589 Hispania,
631 1514 737 1589 quam
751 1491 840 1593 rexit
855 1490 988 1583 absens,
1002 1492 1167 1589 exemplo
1181 1493 1229 1564 L.

245 1611 426 1688 Arruntii:
458 1639 540 1687 eum
558 1612 721 1702 Tiberius
738 1611 849 1687 Caesar
869 1613 918 1685 ob
942 1632 1093 1720 metum,
1119 1613 1229 1687 Vitel·
1311 1664 1312 1667 ,

244 1733 309 1807 lius
346 1733 515 1808 Cluvium
547 1735 643 1807 nulla
677 1729 870 1822 formidine¹
897 1732 1077 1808 retinebat.
1141 1733 1230 1806 Non
1298 1735 1303 1742 ’

243 1854 339 1928 idem
368 1855 546 1930 Trebellio
576 1854 747 1928 Maximo
772 1855 902 1926 honos:
933 1851 1132 1952 profugerat
1154 1852 1229 1925 Bri·

244 1975 377 2066 tannia,
404 1978 453 2048 ob
474 1975 690 2052 iracundiam
711 1974 880 2048 militum:
906 1974 1025 2047 missus
1048 1973 1153 2048 estin
1177 1975 1229 2047 lo·

245 2123 329 2171 cum
342 2094 427 2194 ejus,
445 2095 581 2168 Vettius
596 2096 779 2168 Bolanuse
796 2094 1029 2192 praesentibus.

295 2217 432 2304 LXVI.
469 2219 666 2289 Auoenar
701 2215 883 2289 Vitellium
916 2215 1088 2290 aristarum
1118 2215 1230 2315 legio·

179 2318 190 2339 Χ
237 2361 334 2412 ‘num
366 2337 641 2434 haudquaquam
670 2335 796 2410 fradus
828 2334 987 2426 animus:
1023 2335 1142 2434 sparsae
1170 2361 1231 2435 per

246 2459 398 2550 Italiam,
428 2460 463 2531 δι
492 2457 682 2532 vidoribus
710 2455 906 2555 permixtae,
936 2455 1074 2531 hostilia
1107 2458 1230 2554 loque-

248 2583 394 2656 bantur:
438 2579 615 2677 praecipua
665 2577 1054 2677 quartadecimanorum
1088 2574 1231 2667 ferocia,

141 2775 143 2778 ,
248 2700 326 2799 qui,
360 2708 388 2744 “
407 2700 440 2774 se
464 2701 851 2794 vietosffabnuebanr:
888 2698 1067 2798 “quippe
1094 2698 1234 2773 Bebria·
1314 2712 1315 2718 ’
1349 2756 1356 2763 .

249 2828 278 2865 “
297 2827 386 2897 censi
410 2822 497 2912 acie,
514 2820 700 2897 vexillariis
724 2821 860 2895 tantum
879 2823 996 2919 pulsis,
1019 2819 1108 2893 vires
1124 2818 1234 2917 legio·
1351 2870 1352 2876 κ

211 2974 217 2979 ·
250 2944 352 3016 “nis
378 2968 450 3015 non
474 2942 656 3016 adsuiffe.’'
705 2941 854 3017 Remitti
876 2969 934 3017 eos
956 2943 992 3016 in
1008 2941 1233 3032 Britanniam,

217 3054 220 3057 ³
248 3066 344 3138 unde
360 3066 535 3138 aNerone
552 3062 656 3138 exciti
671 3084 780 3155 erant,
799 3064 952 3163 placuit;
975 3084 1080 3162 atque
1095 3062 1235 3136 interim

250 3189 458 3259 Batavorum
475 3187 638 3259 cohortes
655 3185 727 3258 uni
752 3185 908 3277 tendere,
935 3187 983 3259 ob
1001 3203 1154 3258 veterem
1171 3183 1234 3255 ad-

219 3322 220 3326 ’
250 3306 371 3380 vershs
400 3306 720 3403 quartadecimanos
748 3305 978 3380 discordiam:
1007 3330 1072 3378 nec
1088 3303 1164 3381 xdiu
1195 3301 1234 3374 in

251 3425 355 3500 tantis
373 3445 582 3509 armatorum
604 3426 693 3500 odiis
709 3425 807 3525 quies
824 3425 902 3499 suit.
940 3405 1120 3524 Augusta
1136 3425 1235 3496 Tau·

253 3548 435 3635 tinorum‚‘
460 3546 547 3618 dum
577 3547 742 3645 opificem
775 3547 967 3646 quemdam
1002 3549 1165 3638 Batavus,
1197 3563 1237 3619 ut

253 3668 502 3754 fraudatorem,
527 3663 724 3759 insedatur,
753 3666 985 3766 legionarius,
994 3687 1033 3740 ut
1051 3660 1236 3765 hospitem,

253 3812 379 3883 tuetur,
407 3784 457 3862 sui
473 3783 873 3887 cuique·commilitones
889 3778 1085 3889 aggregati,
1109 3812 1131 3862 a
1152 3810 1236 3862 con-
