2806 4694
245 341 295 409 44
368 362 369 372 κ
441 317 794 389 C.Coauan11
838 315 1039 389 Tactrr

244 495 362 566 deerat
384 518 458 590 pars
475 493 683 583 Galliarum,
708 512 793 591 quae'
805 494 974 566 Rhenum
990 491 1129 586 accolit,
1159 493 1229 566 eas-

245 614 325 684 dem
344 633 456 708 partes
474 611 600 702 secuta,
619 639 660 686 ae
683 635 758 686 tum
775 612 941 685 acerrima
959 612 1150 710 instigatrix
1167 612 1229 684 ad-

183 767 185 770 <
245 732 365 803 versus
383 718 570 821 Galbianos:
598 735 664 806 hoc
683 732 776 806 enim
801 757 945 822 nomen,
976 730 1126 805 fastidito
1144 732 1230 804 Vin-

244 851 337 939 dice,
368 851 577 924 indiderant.
626 852 738 951 Igitur
763 852 931 950 Sequanis
954 850 1163 949 AEduisque,
1189 877 1231 926 ac

244 971 385 1060 deinde,
422 992 526 1067 prout
554 974 733 1069 opulentia
760 973 958 1046 civitatibus
984 992 1067 1061 erat,
1097 971 1231 1061 infensi,

223 1091 539 1188 'expugnationes‘
563 1092 716 1180 urbium,
770 1092 1011 1189 populationes
1051 1117 1231 1190 agrorum,

245 1232 360 1306 raptus
379 1211 556 1306 penatium
574 1209 756 1283 hauserunt
772 1212 889 1285 animo
905 1240 913 1282 ι
934 1210 1036 1308 super
1052 1213 1231 1286 avaritiam

247 1334 282 1403 ὅτ
297 1330 556 1428 adrogantiam,
572 1331 749 1428 praecipua
766 1332 975 1404 validiorum
993 1332 1090 1422 vitia,
1109 1354 1232 1406 contu·

246 1450 358 1523 macid
391 1451 576 1524 Gallorum
607 1450 747 1541 inritati,
779 1452 840 1548 qui
878 1459 904 1494 “
923 1451 1096 1525 remissam
1125 1451 1235 1527 fibla

249 1578 277 1618 “
295 1573 591 1672 Galbaqmrtam
615 1572 826 1666 tributorum
852 1591 998 1668 partem,
1034 1576 1067 1644 δι
1094 1572 1234 1669 public&

248 1699 276 1734 “
295 1694 453 1784 donatos,
488 1693 523 1765 in
553 1691 784 1789 ignominiam
817 1693 1010 1765 exercitlrs”
1040 1689 1232 1788 jadabant.

248 1815 397 1886 Accessit
410 1812 533 1886 callide
552 1791 751 1910 vulgatum,
766 1833 895 1885 temere
912 1806 1100 1900 creditum,
1125 1820 1152 1854 “
1169 1813 1231 1884 de·

249 1939 277 1974 “
295 1932 425 2005 cumari
455 1931 623 2030 legiones,
665 1937 698 2005 ὅτ
729 1931 1024 2028 promptissimum
1054 1957 1232 2030 quemquo

250 2052 538 2125 “centurionum
566 2051 923 2149 dimitti:'’t1ndique
945 2073 1078 2126 atroces
1108 2053 1233 2142 nuntii,

141 2238 144 2249 r
248 2172 377 2245 sinistra
407 2198 451 2245 ex
472 2173 572 2245 Urbe
599 2169 717 2258 fama3
747 2169 879 2254 infensa
906 2174 1152 2270 Lugdunensis
1174 2199 1232 2246 co-⁴

249 2291 356 2382 lonia,
387 2296 420 2364 δι
438 2290 603 2389 pertinaci
622 2317 685 2389 pro
702 2294 847 2367 Nerone
864 2293 934 2367 fide
952 2292 1102 2367 fecunda
1117 2318 1235 2367 rumo-

247 2413 355 2487 ribus.
405 2413 472 2486 Sed
489 2412 640 2509 plurima
661 2414 705 2486 ad
723 2414 929 2510 lingendum
951 2415 1237 2510 credendumque

249 2534 406 2608 materies
423 2533 458 2604 in
477 2533 555 2630 ipsrs
571 2532 701 2621 castris,
727 2533 823 2621 odio,
850 2552 960 2621 metu,
992 2537 1040 2622 δι,
1067 2532 1129 2604 ubi
1146 2531 1236 2605 vires

250 2653 323 2727 suas
341 2650 569 2750 respexerant,
585 2650 771 2725 securitate.

297 2775 380 2846 LII.
405 2774 479 2847 Sur
494 2771 578 2870 ipsas
596 2770 777 2871 superioris
793 2771 876 2844 anni
890 2772 1067 2845 Kalendas
1079 2774 1235 2846 Decem-2

228 2897 328 2971 ‘bres
350 2896 474 2973 ,Aulus
497 2893 670 2985 Vitellius,
701 2891 900 2966 inferiorem
929 2892 1157 2968 Germaniam
1182 2893 1234 2982 im.

254 3016 411 3112 gressus,
436 3015 582 3088 hiberna
616 3014 797 3112 legionum
837 3039 919 3087 cum
953 3015 1035 3086 curi
1076 3011 1232 3099 adieratr

252 3135 379 3208 redditi
406 3133 577 3233 plerisque
610 3133 764 3224 ordines,
792 3133 927 3210 remilla
951 3132 1157 3231 ignominia,
1185 3136 1236 3208 ala

158 3320 159 3327 ,
256 3259 380 3330 levatae
399 3275 511 3328 notae:
545 3255 646 3351 plura
668 3254 873 3344 ambitione,
897 3253 1059 3351 quaedam
1073 3251 1233 3351 judicio:

256 3376 438 3474 inquibus
459 3374 593 3449 sordem
619 3380 653 3448 δι
679 3373 861 3448 avaritiam
887 3374 1023 3450 Fonteii
1042 3373 1236 3471 Capitonis,

256 3496 450 3572 adimendis
478 3494 740 3593 adfignandilve
767 3494 899 3568 militiae
924 3495 1121 3585 ordinibus,
1148 3496 1235 3570 inte÷

255 3619 315 3718 gre
343 3635 544 3691 mutaverat.
605 3616 684 3688 Nec
708 3614 894 3688 consularis
928 3616 1032 3714 legati
1059 3616 1233 3704 mensura,

254 3737 377 3815 sedin
406 3732 515 3833 majus
540 3733 669 3809 omnia·
686 3734 953 3832 accipiebantur.
1006 3738 1053 3809 Et
1070 3734 1233 3828 Vitellius
1318 3766 1320 3777 <
