2820 4694
270 343 342 440 256
462 338 505 414 C.
545 340 810 415 Couurrrr
853 342 1052 419 Tacrrt

269 525 297 562 “
314 515 428 591 versus
444 520 637 609 Romanos,
663 546 725 618 pro
747 517 874 619 quibus
900 518 1025 593 totiens
1048 517 1240 593 bellaffentt

269 646 298 682 “
315 640 442 734 Longl
465 657 570 734 atque
597 638 691 713 irritd
716 640 839 714 militis
858 637 963 730 sessis,
989 638 1106 736 patria
1134 658 1240 736 atque

267 765 295 801 “
312 757 373 829 otii
391 757 591 852 cupidinem
609 762 687 832 effe.
734 759 768 832 Sl
786 785 889 833 nemo
905 760 1093 848 obsrsteret,
1110 759 1236 834 innox·

157 943 159 947 ,
267 884 294 921 “
310 877 387 950 ium
405 877 470 950 iter
494 877 585 951 sore:
613 882 661 950 fin
688 903 783 951 arma
809 902 999 970 occurrant,
1026 878 1118 952 ferro
1146 878 1238 951 viam

267 1005 294 1042 “
312 980 547 1071 inventuros.⁵'
596 972 828 1070 Cunctantem
841 1000 995 1096 legatum
1012 1000 1137 1094 milites
1156 1023 1233 1094 per-

264 1119 431 1222 pulerant,
462 1115 684 1190 “fortunam
709 1118 823 1214 proelii
857 1119 1102 1215 experiretut.''
1150 1117 1236 1191 Tria

262 1237 371 1310 millia
402 1235 687 1333 legionariorum,
724 1242 758 1309 ἃ
786 1239 1017 1311 tumultuaria
1051 1240 1235 1336 Belgarum

262 1359 431 1444 cohortes,
462 1357 560 1427 simul
594 1380 812 1454 paganorum
841 1357 1063 1455 lixarumque
1092 1357 1232 1455 ignava,

200 1523 207 1530 -
262 1475 319 1549 sed
337 1500 464 1572 procax
479 1495 558 1547 ante
576 1475 771 1571 periculum
782 1503 919 1566 manus,
946 1477 1109 1551 omnibus
1131 1475 1237 1574 portis

188 1664 190 1669 r
261 1614 459 1693 erumpunt,
484 1615 522 1666 ut
536 1597 680 1668 Batavos
697 1621 842 1670 numero
859 1596 1006 1692 impares
1024 1593 1236 1668 circumfun-

259 1718 356 1790 dant.
405 1713 474 1803 Illi,
492 1734 623 1787 veteres
643 1714 787 1804 militiae,
811 1715 847 1787 in
868 1741 996 1788 cuneos
1018 1740 1235 1813 congregan-

259 1855 328 1925 tur,
354 1836 448 1908 densr
472 1833 644 1932 undique,
672 1832 875 1907 &frontem
901 1855 1065 1933 tergaque
1092 1836 1234 1907 aelatus

259 1954 342 2035 tuti,
384 1954 440 2027 Sic
473 1975 613 2026 tenuem
644 1953 840 2026 nostrorum
868 1955 978 2027 aciem
1008 1953 1234 2051 perfringunt.

258 2073 472 2148 Cedentibus
483 2073 609 2172 Belgis,
628 2073 762 2170 pellitur
779 2073 884 2171 legi0,
905 2078 939 2145 dr
958 2076 1090 2145 vallum
1104 2073 1233 2170 portas·

258 2219 328 2293 que
345 2194 473 2290 trepidi
499 2195 672 2291 petebant.
721 2192 775 2266 Ibi
799 2193 987 2290 plurimum
1004 2193 1136 2265 cladis:
1167 2218 1230 2265 cu-

258 2317 398 2389 mulatae
429 2313 636 2409 corporibus
664 2312 782 2395 fossae:
815 2339 879 2385 nec
908 2314 1003 2385 caede
1030 2313 1164 2384 tantum
1194 2315 1229 2382 ὃς

257 2435 471 2525 vulneribuS,
494 2433 552 2506 sed
579 2434 690 2525 ruins,
716 2428 838 2507 &suis
866 2433 1019 2530 plerique
1040 2431 1114 2505 telis
1140 2431 1229 2505 inte·

255 2558 353 2630 ridre.
415 2553 585 2642 Victores,
615 2553 753 2627 colonis
783 2553 1087 2651 Agrippinensium
1111 2552 1228 2641 vitati,

255 2677 342 2751 nihil
360 2695 473 2751 cetero
496 2674 533 2747 in
558 2673 677 2748 itinere
694 2673 816 2746 hostile
832 2675 914 2761 ausr,
941 2669 1118 2746 Bonnense
1136 2698 1230 2769 proe·

254 2798 339 2871 lium
359 2793 589 2869 excusabant:
608 2788 789 2891 tamquam
808 2792 912 2890 petits
928 2818 1026 2890 pace,
1045 2791 1231 2889 postquam

253 2921 457 3016 negabatur,
477 2913 684 3010 sibimetipsi
706 2910 961 2986 consuluissent.

279 3039 380 3110 XXI.
404 3037 576 3124 Crvrnrs,
592 3034 746 3106 adventu
762 3053 1006 3106 veteranarum·
1017 3034 1228 3125 cohortium,

247 3154 329 3252 justi
339 3154 426 3252 jam·
439 3154 607 3229 exercitlls
628 3155 765 3243 duclor,
786 3152 843 3225 sed
869 3152 997 3226 consilii
1025 3154 1226 3252 ambiguus,
1248 3166 1253 3178 ’

253 3279 287 3347 lit
306 3274 378 3348 vim
398 3277 600 3349 Romanam
618 3293 791 3370 reputans,
815 3275 958 3346 cunclos
983 3273 1043 3370 qui
1069 3275 1225 3360 aderant,
1335 3292 1343 3304 “

252 3396 288 3468 in
310 3397 416 3466 verba
441 3393 631 3492 Vespasiani
659 3393 793 3490 adigit:
824 3393 997 3490 mittitque
1022 3396 1150 3491 legatos
1179 3394 1226 3464 ad

252 3517 338 3589 duas
354 3513 521 3610 legiones,
552 3541 645 3613 quae,
670 3514 784 3612 priore
808 3513 880 3587 acie
907 3512 1027 3609 pulsa,
1053 3513 1087 3585 in
1111 3531 1230 3586 vetera

253 3637 358 3710 castra
381 3636 626 3723 concesserant,
648 3642 674 3676 “
694 3655 732 3706 ut
750 3635 841 3707 idem
858 3633 1108 3705 sacramentum
1134 3633 1227 3704 acci·

255 3765 282 3800 “
302 3752 457 3855 perent.''
507 3753 679 3827 Redditur
695 3753 904 3851 responsum,
932 3759 958 3794 “
976 3777 1091 3850 neque
1108 3747 1227 3851 prodi-
