2766 4658
304 330 999 435 D1naoaus1tasortnronrutrs.
1099 352 1141 442 17

167 509 304 610 Paravi,
329 517 453 617 inquit,
482 543 552 606 me,
582 541 653 588 non
669 516 785 590 minus
807 517 869 589 diu
885 513 1039 589 accusare
1063 541 1142 588 oram

167 632 270 727 tores,
301 641 409 736 quam
426 644 524 734 Aper
548 638 675 709 laudat.
726 639 814 708 Fore
835 637 927 707 enim
956 635 1142 707 arbitrabar

165 780 207 830 ut
222 785 243 831 a
259 758 453 832 laudatione
469 783 589 831 eorum
605 757 771 854 digressus
794 754 993 828 detreetaret
1010 762 1141 850 po'e'tas,

164 897 272 976 atque
287 878 485 952 carminum
511 877 663 951 studium
691 877 937 973 prosterneret:
965 895 1035 947 arte
1056 877 1142 973 qub-

165 998 250 1071 dam
267 997 456 1095 mitigavit,
482 998 707 1071 concedendo
729 995 795 1084 his,
824 995 884 1092 qui
912 994 1025 1068 causas
1042 1018 1144 1092 agere

167 1141 240 1190 non
258 1119 407 1214 possent,
437 1136 476 1189 ut
492 1115 604 1190 versus
623 1114 781 1189 facerent.
833 1117 913 1211 Ego
927 1137 1042 1187 autem
1061 1119 1145 1188 sicut

167 1237 204 1311 in
222 1242 328 1311 causis
346 1237 489 1334 agendis
516 1239 650 1309 efficere
678 1235 812 1332 aliquid
838 1236 874 1306 &
900 1235 980 1306 eniti
1007 1234 1144 1308 sortasse

167 1360 320 1454 possum,
337 1357 384 1430 ita
396 1357 593 1430 recitatione
603 1357 851 1454 tragoediarum
867 1353 1002 1452 ingredi
1014 1354 1145 1428 famam

168 1477 360 1574 auspicatus
393 1470 483 1567 sum,
518 1499 595 1549 tum
629 1469 785 1573 quidem,
822 1477 904 1549 cum
934 1477 970 1547 in
1004 1477 1145 1548 Nerone

167 1597 382 1695 improbam,
412 1600 449 1669 δι
471 1598 664 1671 studiorum
681 1621 820 1695 quoque
841 1596 933 1669 sacra
961 1593 1144 1692 profanan-

167 1739 240 1792 tem
263 1719 391 1792 Vatinii
411 1717 602 1816 potentiam
619 1717 730 1815 fregi:
762 1717 801 1787 δι
827 1716 933 1789 hodie
951 1721 974 1789 st
993 1715 1079 1814 quid
1107 1715 1144 1788 in

97 1900 102 1910 .
169 1839 270 1913 nobis
288 1839 416 1916 notitiae
443 1864 484 1911 ac
511 1838 662 1911 nominis
679 1836 738 1924 est,
766 1839 876 1936 magis
902 1836 1052 1910 arbitror
1069 1862 1143 1910 car·

58 1960 61 1967 ’
168 1960 320 2055 minum,
350 1961 459 2057 qu‘am
475 1958 673 2031 orationum
698 1957 805 2055 glori&
828 1978 988 2054 partum:
1017 1984 1057 2032 ac
1069 1956 1146 2054 jam

167 2105 225 2153 me
242 2078 418 2178 sejungere
434 2061 455 2151 a
470 2077 592 2152 sorensi
610 2080 728 2151 labore
749 2077 922 2167 constitui,
951 2103 1015 2150 nec
1033 2077 1143 2150 comi·

167 2219 257 2273 tatus
274 2201 369 2289 istos,
395 2201 432 2270 δι
450 2202 614 2297 egressus,
640 2219 699 2271 aut
716 2195 946 2295 frequentiam
973 2196 1145 2270 salutatio-

165 2345 253 2391 num
271 2318 503 2415 concupisco:
536 2344 606 2391 non
623 2317 734 2415 magis
752 2318 859 2415 quim
876 2341 957 2408 aera,
974 2317 1011 2387 δε
1025 2317 1145 2415 imagi·

168 2463 243 2526 nes,
271 2463 349 2534 quae
376 2438 495 2527 etiam,
521 2464 578 2511 me
606 2441 758 2527 nolente,
788 2437 825 2509 in
853 2438 1001 2511 domum
1028 2458 1145 2510 meant

166 2556 382 2653 inruperunt.
423 2559 519 2631 Nam
536 2558 661 2632 statum
680 2555 854 2656 hucusque
875 2583 915 2631 ac
932 2551 1145 2630 securitatem

168 2677 291 2752 melius
309 2678 517 2773 innocentis
542 2701 654 2770 tueor,
689 2681 796 2778 quam
825 2676 1042 2776 eloquentis:
1079 2701 1165 2759 nec,

169 2822 307 2887 vereor,
342 2824 386 2871 ne
414 2798 501 2871 mihi
532 2824 701 2896 umquam
731 2799 833 2874 verba
858 2800 895 2872 in
920 2799 1049 2888 senatu,
1085 2797 1147 2871 nist

166 2943 232 3017 pto
248 2916 613 3008 alterius‘discrimine,
638 2917 794 2994 facienda
812 2924 886 2992 sint:

155 3073 159 3085 =
219 3039 303 3111 ΧΗ.
329 3038 508 3110 Nunonn
539 3038 636 3128 verb,
667 3039 808 3129 &luci
839 3045 871 3113 δι
898 3032 1065 3113 secretum
1092 3037 1170 3137 ip·¹
1244 3025 1257 3132 ’ἴ

169 3156 260 3247 sum,
284 3159 381 3254 quod
397 3163 493 3253 Aper
508 3159 720 3256 increpabat,
739 3178 870 3232 tantam
889 3159 975 3231 mihi
999 3160 1147 3234 afferunt

168 3280 401 3375 voluptatem,
424 3296 462 3350 ut
488 3278 576 3352 inter
592 3280 784 3376 precipuos
806 3279 1001 3352 carminum
1017 3279 1144 3354 fruens

170 3423 369 3488 numerem,
397 3397 495 3494 quod
514 3424 580 3471 nec
597 3399 632 3470 in
653 3397 809 3493 strepitu,
835 3422 899 3471 nec
917 3395 1051 3471 sedente
1067 3421 1148 3472 ante

171 3519 298 3592 ostium
316 3517 498 3616 litigatore,
523 3543 584 3590 nec
603 3519 691 3588 inter
709 3514 819 3589 sordes
846 3543 886 3589 ac
916 3518 1072 3592 lacrimas
1094 3530 1147 3590 re·

172 3662 274 3710 otum
302 3659 576 3736 componuntur,
607 3634 664 3709 sed
692 3635 817 3709 secedit
845 3637 981 3711 animus
1009 3639 1042 3709 in
1069 3639 1147 3710 loca

173 3781 259 3857 pura
290 3781 401 3859 atque
419 3757 628 3848 innocentia,
656 3754 847 3859 fruiturque
876 3758 1010 3833 sedibus
1038 3754 1147 3830 sacris.
