2820 4694
281 379 355 464 270
483 349 525 438 C.
562 360 835 438 Conunrrr
878 349 1083 441 Tacrrt

277 542 351 638 rat)
378 541 628 638 protradume
651 540 759 615 cubili
784 540 1009 616 interficiunt.
1060 541 1197 618 Eadem
1224 542 1264 619 in

276 662 452 736 Voculam
470 663 689 758 parabantur,
714 661 776 735 nist
792 661 904 735 sttvili
932 663 1067 754 habitu,
1086 687 1148 762 per
1163 655 1262 738 tene-

277 785 379 874 bras,
406 783 583 880 ignoratus
614 783 777 855 evasisset.
827 783 929 875 'Ubi,
962 782 1079 857 sedato
1107 784 1261 881 impetu,-

244 882 246 891 ’
276 923 391 977 metus
412 903 536 989 rediit3
564 903 781 977 centuriones
807 929 890 977 cum
917 903 1069 1001 epistolis
1099 906 1146 978 ad
1171 904 1261 979 civi·
1330 889 1333 901 ¹

276 1041 362 1097 tates
386 1017 584 1102 Galliarum
606 1024 744 1114 misere,
772 1023 902 1098 auxilia
933 1050 974 1098 ac
995 1025 1166 1127 stipendia
1185 1051 1265 1100 ora·
1376 1113 1382 1126 θ

277 1164 382 1218 turos.
876 1165 881 1172 ·
1104 1127 1106 1129 ’

279 1302 283 1308 ·
327 1258 519 1339 XXXVII.
544 1268 639 1357 last,
668 1284 708 1339 ut
726 1266 775 1340 est
794 1263 923 1366 vulgus
940 1269 1009 1342 fine
1033 1271 1161 1341 restore
1178 1293 1264 1365 pra·

277 1408 376 1484 cepS,
402 1386 588 1489 pavidum,
619 1386 748 1478 socors,
776 1390 986 1462 aduentante
1008 1388 1135 1478 Civile,
1159 1387 1266 1486 raptis

278 1523 409 1581 temere
425 1507 547 1598 armis,
576 1535 617 1582 ac
635 1508 750 1582 statim
769 1509 911 1601 omissas,
934 1510 971 1582 in
988 1508 1109 1607 sugam
1127 1527 1266 1582 vertun-

276 1647 345 1702 tur.
396 1632 470 1703 Res
493 1627 644 1736 adversae
672 1628 876 1703 discordiam
893 1631 1093 1727 ,peperere3
1118 1628 1172 1718 iis,
1203 1628 1266 1726 qui

276 1774 298 1824 e
322 1747 492 1847 superiore
509 1750 661 1824 exercitu
677 1771 788 1840 erant,
806 1749 948 1824 causam
964 1748 1061 1822 suam
1077 1744 1264 1820 dissocian-

275 1870 380 1944 tibus.
430 1870 561 1942 Vitellii
584 1891 702 1944 tamen
731 1870 917 1969 imagines,
940 1869 976 1942 in
993 1863 1121 1957 clastris·
1148 1872 1264 1964 &per

183 2071 185 2075 .
276 1990 455 2089 proximas
479 1992 665 2088 Belgarum
687 1990 854 2081 civitates,
880 1994 1051 2088 reposrtae,
1082 1990 1166 2061 cum
1185 1986 1263 2086 jam

153 2166 167 2189 f
275 2110 438 2185 Vitellius
464 2111 651 2185 occidisset.
701 2111 794 2186 Dein
821 2112 944 2184 mutati
968 2111 1005 2183 in
1022 2109 1264 2208 penitentiam

276 2231 442 2332 primani,
468 2233 710 2331 quartanique,
737 2237 771 2306 δι
796 2232 1116 2325 duoetvicefimani,
1144 2233 1295 2306 Vocu·'

276 2351 349 2429 lam
364 2353 583 2451 sequuntur:
612 2356 708 2452 apud
729 2380 836 2452 quem
857 2353 1038 2450 resumpto
1064 2343 1263 2451 Vespastani

275 2475 505 2566 sacramento,
533 2476 577 2548 ad
606 2476 828 2549 liberandum
846 2474 1067 2575 Mogontiaci
1092 2475 1267 2550 obfidium

274 2599 527 2672 ducebantur.·
566 2595 792 2670 Discesserant
819 2595 1017 2687 obsessores,
1050 2593 1182 2667 mixtus
1214 2620 1282 2685 ext

275 2718 401 2809 Cattis,
429 2715 575 2813 Usrpiis‚
601 2716 779 2790 Mattiacis
795 2717 981 2807 exercitus,
1008 2715 1157 2790 satietate
1175 2741 1264 2813 prae·

274 2842 345 2932 dae,
368 2856 451 2913 inec
473 2836 660 2911 incruentis
711 2840 754 2911 In
785 2837 844 2910 via·
872 2837 1040 2935 dispersos
1069 2839 1103 2909 δι
1132 2835 1266 2910 nescios

234 3016 238 3025 -
273 2947 374 3036 miles
397 2959 513 3032 noster
530 2958 707 3031 invaserat.
754 2957 855 3055 Qin
878 2963 912 3030 a
937 2958 1083 3032 loricam
1106 2958 1256 3030 vallum-

230 3133 233 3137 «
274 3107 345 3177 que
371 3104 436 3178 per
461 3076 548 3153 sines
575 3079 652 3152 suos
683 3079 828 3152 Treveri
853 3079 1023 3172 struxero,
1052 3075 1260 3179 magnisque

276 3200 431 3275 invicem
443 3201 600 3275 cladibus
619 3225 700 3273 cum
718 3198 903 3273 Germanis
920 3203 1124 3274 certabant:
1147 3197 1263 3273 donec

276 3322 419 3421 egregia
446 3348 530 3422 erga
557 3323 732 3421 populum
762 3323 970 3395 Romanum
1008 3320 1142 3410 merita,
1175 3342 1265 3392 mox

277 3444 422 3515 rebelles
440 3441 626 3516 soedarent.

279 3608 281 3611 -
329 3562 540 3649 XXXVIII.
575 3567 755 3638 Inruaan
788 3561 1013 3664 Vespasianus
1046 3564 1184 3651 iterum,
1222 3585 1267 3635 at:

277 3684 396 3775 Titus,
432 3681 649 3758 consulatum
680 3686 836 3761 absentes
865 3687 1031 3776 inierunt,
1073 3684 1191 3760 maestd
1227 3687 1263 3757 δι

280 3801 469 3906 multiplici
492 3821 589 3875 metu
612 3801 770 3903 suspensi
795 3806 949 3898 civitate,
980 3832 1061 3905 quae
1082 3804 1186 3904 super
1210 3803 1265 3878 in·
