2820 4694
364 346 755 422 Hrsronranuu
792 346 900 417 Lrn.
935 345 997 418 IV.
1071 369 1141 444 249

172 549 260 613 teos,
279 522 377 597 frmili
394 523 461 597 otis
476 522 798 612 dehonestamento,
815 549 860 595 ne
880 542 918 595 ut
934 521 1023 595 hosti
1041 521 1140 595 obvi-

171 644 228 718 am
245 644 363 732 iretur,
392 644 600 740 stapopulo
624 647 788 716 Romano
810 644 924 739 palam
941 640 1141 732 descivilset,

100 772 102 775 ’
171 764 364 862 Vespafiani
392 764 595 851 amicitiam,
624 763 847 860 studiumque
880 763 1025 860 partium
1056 789 1140 860 prae·
1232 807 1237 818 =

170 886 280 960 tendit
288 915 300 973 ;
322 886 424 960 miffrs
448 884 523 957 sane
552 885 597 957 ad
624 908 705 956 eum
729 882 836 957 Primi
853 882 999 956 Antonii
1024 882 1141 972 literis,

171 1009 299 1104 quibus
326 1013 526 1078 “avertere
549 1004 659 1077 accita
686 1004 828 1076 Vitellio
854 1003 996 1090 auxilia,
1022 1007 1056 1075 Sc
1085 1023 1141 1074 tu·
1189 1082 1195 1099 .

115 1128 119 1137 “
173 1136 201 1172 “
219 1128 349 1201 multus
382 1124 582 1199 Germanici
617 1119 740 1221 specie,
775 1144 936 1197 retentare
967 1123 1146 1220 legiones”

139 1300 142 1304 -
165 1246 363 1345 jubebatur.
416 1247 549 1317 Eadem
577 1243 804 1317 Hordeonius
827 1245 970 1316 Flaccus
1000 1241 1169 1340 praesena

169 1384 366 1455 monuerat,
401 1364 565 1437 inclinato
597 1364 632 1436 in
665 1362 909 1462 Vespasianum
941 1364 1074 1452 animo,
1097 1370 1146 1436 δι”

171 1486 370 1584 reipublicae
392 1488 488 1573 curli,
515 1485 570 1557 cui
598 1484 773 1559 excidium
800 1486 1019 1572 adventabat,
1045 1489 1067 1557 fi
1090 1508 1146 1559 re:

170 1606 403 1703 dintegratum
423 1606 571 1695 bellurn,
600 1609 635 1677 &
651 1624 703 1677 tot
719 1624 931 1679 armatorum
949 1606 1056 1678 millia
1073 1607 1141 1680 lta·

170 1726 254 1799 liam
273 1725 488 1822 inrupissent.
566 1806 572 1815 ,1
1017 1722 1021 1725 “

178 1888 180 1895 1
218 1849 318 1920 XIV.
344 1848 483 1918 Ictrun
500 1842 634 1931 Civilis,
651 1842 856 1919 desciscendi
873 1868 1000 1937 certus,
1024 1848 1141 1920 occul-

169 1985 242 2040 tato
258 1965 397 2039 interim
413 1966 534 2038 altiore
551 1965 704 2055 condio,
721 1987 834 2039 cetera
849 1992 894 2043 ex
910 1964 1036 2042 euentu
1046 1963 1141 2066 judi-

167 2108 315 2176 caturus,
339 2111 467 2160 novare
494 2111 545 2158 res
569 2087 637 2174 l'toc
665 2087 772 2159 modo
795 2088 912 2184 coepit.
956 2090 1061 2184 'Jullu
1078 2089 1144 2162 lli-¹

165 2208 262 2299 tellii,
276 2211 482 2281 Batavorum
493 2205 658 2305 juventus
675 2206 718 2279 ad
735 2207 909 2291 deledum
925 2210 1139 2292 vocabatur}

168 2354 287 2426 quern,
315 2326 433 2424 suapte
455 2329 575 2399 natura
603 2351 758 2424 gravem,
784 2327 969 2399 onerabant
996 2327 1140 2401 ministri

167 2447 306 2520 avaritia
321 2473 361 2520 ac
384 2448 487 2535 luxu,
517 2444 608 2519 senes
626 2469 683 2520 aut
694 2447 870 2521 invalidos
885 2446 1138 2543 conquirendo,

133 2590 140 2600 ·
170 2591 257 2662 quos
275 2566 386 2663 pretio
402 2565 637 2639 dimitterent:
661 2567 775 2642 rursus
792 2568 966 2665 impubes,
996 2567 1053 2640 sed
1068 2566 1144 2641 lor·⁸

170 2688 227 2756 ma
254 2685 430 2780 conspicui
461 2690 514 2779 l&
542 2687 591 2758 est
620 2687 787 2785 plerisque
812 2714 953 2785 procera
976 2687 1136 2786 pueritia)

168 2803 213 2874 ad
238 2801 391 2899 stuprum
409 2807 639 2878 trahebantur.
688 2808 786 2906 Hine
805 2807 960 2883 invidia:
991 2814 1144 2882 &com-¹

60 2996 62 3011 ,
168 2924 285 3020 posrtae
306 2921 478 2996 seditionis
505 2925 659 2998 audlores
685 2920 878 3024 perpulere,
901 2948 941 3002 ut
967 2929 1140 3003 delectum

165 3045 365 3116 abnuerent.
414 3044 534 3118 Civilis
552 3046 718 3143 primores
736 3048 861 3145 gentis,
879 3053 914 3128 ,δι
933 3050 1146 3147 promptilst··

133 3251 136 3254 ,
168 3187 243 3238 mos
257 3163 370 3261 vulgi,
389 3163 502 3261 specie
518 3169 712 3262 epularum,
729 3167 863 3276 sacrum
880 3168 916 3239 in
935 3194 1057 3242 nemus
1074 3196 1138 3243 vo-

167 3304 274 3375 catos,
295 3284 354 3357 ubi
373 3286 474 3358 nodie
489 3311 530 3360 ac
548 3287 665 3360 latitia
681 3286 853 3360 incaluisse
869 3287 976 3375 videt,
1002 3291 1140 3364 alaude

58 3405 61 3409 ’
168 3404 347 3502 gloriaque
364 3405 476 3502 gentis
494 3404 600 3495 orsus,
618 3406 756 3504 injurias
775 3412 808 3480 &
826 3425 954 3502 raptus,
974 3413 1139 3486 &cetera

166 3522 293 3597 servitii
317 3526 409 3598 mala
435 3546 623 3602 enumerat.
673 3527 844 3623 “Neque
871 3526 965 3602 enim
997 3528 1145 3604 sociem-⁴

170 3651 302 3736 “tem,
339 3665 377 3719 ut
399 3646 499 3737 olim,
527 3645 585 3721 sed
609 3666 790 3744 tamquam
813 3646 986 3746 mancipia
1010 3651 1137 3751 lpberi.

169 3769 196 3810 “
214 3765 367 3866 Qtando
393 3768 562 3868 legatum,
593 3768 690 3871 gravi
718 3767 862 3868 quidem
894 3769 1074 3859 comitatu,
1102 3774 1144 3843 &‘
