2766 4658
260 312 532 409 Dtsnoou's
571 353 631 404 ua
665 330 1007 405 Ouaronrnns.
1092 353 1131 415 rr

119 448 122 458 Ι
169 501 349 599 quoddam
366 507 446 578 ficut
470 502 570 599 lpslus
590 498 763 588 dictionis,
789 499 836 572 ita
859 499 974 597 gaudii
1002 501 1137 595 pondus

87 646 91 650 ”
170 628 204 698 ὃ(
220 624 429 698 Constantia:
457 626 524 695 slVC
540 646 667 694 novam
685 624 718 692 d(
742 640 914 692 recentem
931 644 1049 692 culam
1066 645 1138 694 ROB

171 746 240 816 sine
261 743 375 840 aliqud
401 741 628 839 trepidatione
649 737 755 812 animi
779 738 943 826 attulerit,
974 736 1045 834 ipsa
1072 738 1137 812 sol·

170 858 315 937 licitudo
331 863 552 937 commendat
571 855 747 947 eventum,
778 862 811 929 &
839 857 1050 931 lenocinatur
1076 887 1138 935 voe

168 983 303 1079 luptati.
352 984 419 1055 Sed
437 979 677 1076 extemporalis
705 977 871 1065 atidaciae,
903 998 1007 1075 atque
1036 978 1139 1076 ipfius

169 1102 371 1175 temeritatis
393 1103 449 1173 vel
468 1100 642 1197 praecipua
664 1096 863 1195 jucunditas
879 1097 938 1170 est.
988 1101 1083 1174 Nam
1105 1100 1141 1177 iu

171 1220 313 1320 ingenio
346 1245 501 1318 quoque,
528 1222 611 1293 sicut
645 1217 680 1289 in
708 1244 804 1316 agr0,
838 1243 1051 1314 quamquam
1075 1220 1142 1292 alia

172 1341 232 1414 diu
263 1339 415 1414 ferantur
441 1360 546 1436 atque
573 1341 803 1428 elaberentur,
839 1337 987 1436 gratiora
1012 1358 1141 1430 tamen,

176 1487 255 1558 quae
271 1458 328 1533 suls
345 1458 466 1556 sponte
491 1458 684 1532 nascuntur.

225 1583 303 1654 Vll.
331 1584 525 1666 Eoutuam
556 1602 594 1651 ut
611 1578 655 1651 de
672 1604 729 1650 me
746 1576 813 1674 ipse
827 1575 944 1669 fatear,
973 1604 1044 1654 non
1060 1605 1143 1655 eum

172 1699 266 1775 diem
282 1700 448 1773 laetiorem
466 1698 537 1796 egi,
564 1725 636 1795 quo
658 1699 742 1771 mihi
759 1700 847 1772 latus
875 1702 992 1773 clavus
1007 1703 1144 1776 oblatus
1176 1796 1179 1807 ,

172 1822 235 1909 est,
264 1822 320 1894 vel
346 1847 418 1918 quo
436 1822 545 1893 homo
564 1844 688 1909 novus,
715 1820 752 1890 &
779 1819 815 1892 in
844 1821 981 1895 civitate
997 1820 1143 1895 minime

172 1939 352 2016 favorabili
366 1961 478 2029 natus,
506 1939 729 2037 quaesturam,
753 1961 811 2013 aut
832 1940 1058 2030 tribunatum,
1085 1960 1144 2015 aut

173 2082 353 2158 praeturam
381 2060 523 2157 accepi:
560 2061 666 2157 quim
693 2085 767 2149 eos,
799 2060 926 2156 quibus
952 2061 1051 2150 mihi,
1082 2087 1144 2158 pro

172 2182 411 2256 mediocritate
443 2178 544 2277 hujus
571 2181 900 2276 quantulacumque
930 2181 965 2252 in
992 2181 1145 2257 dicendo

173 2299 357 2390 facultatis,
386 2322 445 2374 aut
462 2325 560 2372 reum
584 2297 741 2397 prospere
757 2297 954 2388 defendere,
973 2320 1032 2376 aut
1048 2302 1145 2396 apud

172 2421 409 2495 centumviros
435 2417 571 2493 causam
597 2419 751 2517 aliquam
777 2417 919 2492 feliciter
946 2443 1055 2507 orare,
1085 2440 1146 2498 aut

178 2541 273 2636 apud
291 2539 487 2637 Principem
505 2539 592 2636 ipsos
609 2539 685 2613 illos
704 2540 841 2615 libertos
859 2544 891 2611 δι
912 2561 1145 2636 procuratores

171 2657 379 2755 Principum
398 2658 487 2732 tueri
511 2664 544 2732 δι
570 2659 753 2734 defendere
775 2662 908 2762 datur.¹
935 2661 1031 2734 Tum
1058 2660 1145 2745 mibi

173 2777 274 2876 supra
289 2777 493 2868 tribunatus,
520 2782 555 2851 u
574 2799 746 2876 praeturas,
769 2786 803 2854 dc
821 2781 1015 2857 consulatus
1031 2779 1146 2855 ascen-

72 2915 75 2921 '
173 2899 258 2972 dere
287 2896 419 2988 videor,
453 2918 529 2976 tum
564 2900 705 2991 habere,
742 2905 838 2999 quod
868 2902 904 2975 in
932 2899 979 2991 se,
1012 2901 1147 2974 nonin

174 3018 259 3107 alio,
287 3016 410 3106 oritur,
438 3043 502 3095 nec
519 3019 687 3094 codicillis
706 3023 821 3112 datur,
854 3047 916 3096 nec
933 3047 1016 3095 cum
1037 3022 1147 3120 grati&

174 3137 282 3211 venit.
331 3141 420 3234 Qiae
438 3135 528 3210 fama
553 3142 587 3211 &
605 3140 678 3213 laus
694 3139 841 3238 cujusvis
862 3141 942 3214 artis
965 3167 1047 3214 cum
1071 3154 1153 3217 ora·'

173 3278 293 3332 torum
311 3257 422 3354 glorid
438 3260 671 3354 comparanda
687 3261 748 3349 est,
773 3258 835 3357 qui
853 3287 923 3333 non
941 3259 1093 3336 inlustres
1110 3262 1147 3336 in

176 3381 276 3452 Urbe
292 3376 402 3451 solum
417 3379 509 3473 apud
528 3376 721 3475 negotiosos
738 3382 887 3452 &rebus
903 3379 1065 3471 intentos,
1089 3382 1148 3459 sed

177 3498 282 3572 etiam
300 3498 391 3595 apud
402 3495 549 3595 juvenes
569 3503 600 3571 δι
618 3497 861 3587 adolescentes,
891 3499 1018 3596 quibus
1039 3502 1148 3576 modo
1236 3566 1240 3574 .

76 3619 81 3636 ‘
177 3619 325 3691 reda&
353 3617 486 3692 indoles
514 3617 575 3706 est,
604 3621 637 3692 δι
664 3621 756 3691 bona
779 3618 852 3714 spes
879 3619 955 3694 sul?
983 3625 1147 3719 Qiorum

175 3736 320 3811 nomina
335 3739 428 3838 prius
446 3758 601 3838 parentes
618 3738 735 3818 liberis
757 3736 821 3813 fuis
843 3739 1030 3840 ingerunt?
1059 3763 1147 3837 quos
1243 3813 1250 3829 ,
