2844 4704
306 333 310 340 ⁵
370 343 988 426 'HrsrosrsnuanralL
1071 314 1183 446 ¹¹s9

202 516 354 615 aquilam
381 517 532 614 praefesli
560 519 748 593 castrorum
773 517 989 615 tribunique,
1021 520 1054 592 δι
1081 518 1185 616 primi

200 637 458 729 centurionum,
488 639 635 714 candidas
667 639 783 712 veste:
816 639 932 728 ceteri,
955 637 1060 735 juxta
1087 637 1184 713 suam

201 757 344 857 quisque
359 758 567 848 centuriam,
591 759 695 838 armis
711 758 882 856 donisque
898 757 1083 856 fulgentes.
1137 761 1184 831 Et

199 878 351 954 militum
378 881 527 977 phalerae
551 878 758 978 torquesque
776 878 1026 977 splendebant:
1057 881 1184 953 decora

199 998 316 1090 facies,
342 1006 375 1074 a:
399 1026 472 1074 non
490 999 632 1072 Vitellio
658 999 821 1096 Principe
845 1000 974 1098 dignus
998 999 1181 1073 exercitus.

199 1119 254 1194 Sic
272 1121 485 1218 Capitolium
502 1119 683 1218 ingressus,
712 1141 817 1218 atque
842 1121 892 1194 ibi
921 1122 1065 1194 matrem
1082 1145 1181 1193 corn-

200 1241 338 1338 plexus,
358 1241 504 1337 Auguste
520 1239 662 1314 nomine
684 1241 878 1314 honoravit.

249 1352 329 1435 XC.
370 1362 560 1448 Posi-ann,
583 1360 655 1450 die,
698 1381 878 1458 tamquam
917 1362 1012 1458 apud
1044 1361 1180 1435 alterius

200 1480 350 1555 civitatis
365 1479 519 1554 senatum
536 1481 793 1579 populumque,
811 1481 1039 1580 magnificam
1055 1481 1179 1556 oratio·

200 1627 281 1675 nem
298 1597 343 1674 de
359 1600 539 1699 semetipso
556 1606 738 1700 prompsit,
768 1585 969 1675 industriam
987 1622 1181 1699 temperan-

171 1776 173 1782 s
198 1718 355 1820 tiamque
371 1721 466 1797 suam
484 1723 645 1798 laudibus
667 1724 826 1795 attollens
842 1750 851 1808 ;
870 1721 1013 1797 consciis
1028 1722 1179 1820 flagitio·

197 1869 277 1917 rum
295 1843 387 1941 ipsis,
414 1843 476 1942 qui
492 1844 647 1935 aderant,
667 1844 835 1941 omnique
854 1843 964 1933 Italis,
991 1869 1178 1941 perquam

173 1947 174 1950 Ἴ
199 1961 323 2036 somno
351 1968 384 2037 δι
412 1967 500 2039 luxu
524 1967 710 2064 pudendus
734 1964 920 2038 incesserat.
968 1967 1002 2044 y
1005 1965 1107 2063 ulgus
1128 1986 1180 2038 ta-

197 2108 294 2173 men,
312 2110 463 2160 vacuum
482 2087 586 2176 curis,
606 2092 639 2160 ὃς
659 2089 726 2159 srne
743 2084 813 2158 falsi
831 2085 971 2182 verique
987 2084 1181 2162 discrimine

101 2198 105 2201 ’
195 2201 307 2278 solitas
319 2207 536 2281 adulationes
554 2208 732 2296 edouum,
747 2188 898 2279 clamore
910 2212 943 2279 ἃ
960 2206 1104 2279 vocibus
1117 2208 1189 2316 ad·¹

197 2307 387 2422 strepebat:
415 2327 655 2425 abnuentique
673 2353 803 2400 nornen
820 2329 963 2425 Augusti,
988 2324 1179 2423 expressere

196 2466 235 2518 ut
250 2446 457 2538 adsumeret,
476 2468 548 2547 tam
566 2446 700 2539 frustra,
720 2451 826 2546 quarn
839 2447 1065 2522 recusaverat.

245 2569 341 2644 XCl.
378 2573 494 2643 Aaou
519 2568 695 2643 civitatem
729 2558 854 2643 cunda
883 2569 1176 2665 interpretantem,

185 2683 322 2779 *sonesti
337 2688 463 2761 ominis
481 2691 561 2763 loco
578 2711 762 2786 acceptum
785 2690 847 2781 est,
871 2689 967 2788 qubd
985 2689 1178 2762 maximum

199 2804 440 2902 pontificatum
452 2810 597 2905 adeptus
614 2809 787 2900 Vitellius,
805 2813 851 2885 de
866 2811 1069 2885 caerimoniis
1087 2813 1178 2908 pub·

198 2925 274 2999 licis
292 2908 555 3023 quintodecimo
572 2930 746 3005 Kalendas
764 2932 914 3030 Augusti
926 2933 1097 3023 edixisset,
1110 2941 1176 3006 'an-

197 3045 344 3144 tiquitus
362 3046 507 3122 infausto
532 3049 589 3127 die
612 3052 822 3126 Cremerensi
840 3053 1053 3152 Allienfique
1069 3053 1177 3128 cladi·

199 3169 290 3241 bus:
318 3169 406 3243 aded
422 3169 537 3244 omnis
547 3172 700 3271 ¹humani
726 3173 906 3272 divinique
927 3173 1015 3272 juris
1039 3200 1176 3272 expers,
1201 3251 1203 3257 ,

197 3289 268 3386 pari
284 3288 486 3365 libertorum
503 3292 769 3400 amicorumque
786 3293 954 3384 socordia,
974 3297 1069 3367 velut
1088 3295 1177 3368 inter

195 3413 403 3485 temulentos
430 3416 567 3510 agebat.
617 3416 684 3518 Sed
712 3414 854 3487 comitia
887 3413 1069 3517 consulum
1094 3441 1176 3489 curn

197 3532 389 3607 candidatis
411 3533 556 3607 civiliter
573 3535 765 3623 celebrans,
783 3559 926 3607 omnem
944 3534 1076 3608 infimae
1102 3536 1177 3632 ple-

197 3650 250 3724 bis
277 3642 472 3744 rumorem,
495 3654 532 3727 in
548 3656 684 3727 theatro
701 3674 741 3726 ut
762 3654 944 3751 spedator,
975 3656 1011 3728 in
1028 3655 1120 3728 circo
1137 3672 1177 3724 ut

196 3770 320 3866 fautor,
345 3773 539 3866 adfedavit.
589 3778 696 3871 Qua,
722 3796 818 3870 grata
842 3774 918 3849 sane
936 3779 969 3847 ὅ(
984 3770 1175 3874 popularia,

660 3895 695 3966 L
720 3919 740 3991 s
