2844 4704
349 353 738 441 Hrsrorlrnnunr
773 351 957 424 L1r.ll.
1072 379 1139 454 ¹09

162 532 278 629 pontis
305 531 531 605 continerent.
596 532 662 604 Sed
696 556 899 604 ancorarum
933 528 1032 604 funes
1066 559 1137 605 non

160 651 292 729 extenti
311 651 506 742 fluitabant,
524 671 576 741 ut,
593 650 797 750 augescente
812 651 971 741 flumine,
990 651 1138 725 inoffen-

159 763 222 845 sus‘
237 775 324 845 ordo
347 773 488 846 navium
512 774 733 845 attolleretur.
783 773 978 874 Claudebat
996 793 1139 868 pontem

161 891 320 988 imposita
346 895 460 984 turris,
496 900 530 968 &
557 894 594 966 in
622 914 814 966 extremam
844 917 969 965 navem
992 894 1145 965 eduslar

159 1015 254 1087 unde
286 1016 526 1090 tormentisne
556 1013 727 1087 machinis
759 1013 870 1088 hostes
900 1011 1171 1110 propulsaren-x

161 1154 230 1207 tur.
1110 1147 1116 1162 '

210 1258 366 1330 XXXV.
407 1260 643 1335 Oruournnr
680 1237 822 1354 in‘ripd
853 1255 974 1329 turrim
1005 1256 1136 1330 struxe-
1181 1314 1186 1321 ,

160 1396 249 1465 rant,
278 1375 484 1474 saxaque&
508 1376 597 1452 faces
616 1359 870 1475 jaculabantur.
922 1379 968 1448 Et
993 1396 1066 1450 erat
1083 1377 1142 1449 in·¹

117 1526 122 1535 ·
160 1494 235 1570 sula
263 1522 366 1570 amne
388 1498 519 1588 medio,
540 1498 585 1571 in
613 1523 720 1595 quam
755 1497 961 1596 gladiatores
988 1496 1136 1572 naribus
1212 1481 1215 1486 ¹

91 1607 95 1615 ’
161 1611 355 1708 molientes,
391 1620 560 1693 Germani
588 1620 705 1691 nando
736 1619 1024 1715 praelabebantnr.
1080 1625 1137 1693 Ac

158 1735 246 1810 sorte
272 1739 387 1835 plures
403 1738 635 1838 transgressos,
660 1739 842 1835 completis
864 1738 1052 1827 liburnicis,
1076 1763 1150 1836 per,

160 1859 432 1957 promptissimos
476 1860 707 1959 gladiatorum
753 1861 878 1932 Macer
918 1859 1134 1957 adgreditur.

159 1980 228 2052 Sed
250 2003 364 2077 neqne
386 2006 425 2055 ea
451 1960 642 2056 constantia
664 1980 911 2079 gladiatoribus
934 1983 979 2054 ad
998 1982 1140 2079 proelia,

159 2125 240 2196 quae
261 2100 453 2188 militibus;
483 2127 548 2176 nec
578 2102 720 2198 perinde
744 2122 904 2174 nutantes
928 2128 947 2175 e
973 2103 1134 2194 navibus,
1166 2132 1170 2145 ·

157 2220 388 2317 quirm'stabili
407 2224 519 2321 gradu
537 2248 556 2295 e
574 2222 662 2318 riprl,
675 2224 817 2296 vulnera
828 2221 1036 2319 dirigebant.
1087 2227 1136 2297 Et

157 2342 237 2415 cum
255 2343 355 2417 variis
376 2343 629 2440 trepidantium
646 2342 938 2448 inclinationibus,
964 2341 1067 2415 mixti
1083 2369 1135 2416 re·

150 2461 267 2561 'miges
297 2463 644 2563 propugnatoresque
674 2467 915 2552 turbarentur,
936 2462 1067 2536 desilire
1098 2463 1134 2536 in

157 2586 247 2657 vada
270 2587 363 2659 ultro
392 2584 573 2674 Germani,
606 2605 776 2657 retentare
797 2610 945 2682 puppes,
964 2581 1135 2658 scandere

159 2700 265 2792 soros,
286 2725 345 2777 aut
362 2705 519 2778 cominus
537 2729 711 2803 mergere:
736 2732 815 2802 quae
831 2707 956 2779 cunila
971 2705 1008 2779 in
1025 2706 1134 2780 oculis

102 2891 110 2905 ,
159 2823 336 2920 utriusque
376 2825 558 2913 exercitiis,
600 2825 732 2922 quanto
763 2825 894 2900 laetiora
927 2826 1131 2917 Vitellianis,

157 2943 257 3016 tantb
273 2942 385 3017 acriirs
399 2943 586 3018 Othoniani
603 2943 740 3020 causam
760 2948 1007 3045 aucloremque
1024 2932 1143 3031 cladis

155 3064 426 3139 detestabantur.
559 3129 561 3133 ,

203 3187 376 3261 XXXVI.
405 3190 462 3262 Er
493 3189 655 3284 proelium
684 3189 844 3288 quidem,
869 3189 1024 3286 abruptis
1052 3217 1132 3288 qnae

155 3298 352 3403 supererant
381 3307 541 3399 navibus,
568 3309 653 3407 suga
678 3310 914 3405 diremptum:
939 3310 1063 3384 Macer
1085 3311 1133 3416 ad
1208 3375 1210 3377 ,

154 3428 298 3500 exitium
323 3428 538 3524 poscebatur.
587 3432 740 3527 Jamque
757 3412 978 3504 vulrieratum
995 3431 1131 3506 eminus

156 3548 286 3637 lances,
304 3548 436 3622 stans⁴
457 3529 581 3647 'grauns
609 3551 811 3638 invaserant,
830 3552 912 3624 cnm
941 3551 1132 3627 intercursu

154 3668 374 3744 tribunorum
426 3670 739 3768 centurionumque
781 3671 984 3770 protegitur.
1049 3675 1131 3745 Nec

153 3788 264 3862 multi)
292 3789 379 3892 prist,
413 3789 599 3864 Vestricius
629 3789 816 3888 Spurinna,
841 3789 936 3888 jussu
965 3791 1128 3879 Othonis,
