2806 4694
373 340 765 414 Hrsron1nnuu
800 338 910 412 Lis.
940 338 968 411 l.
1115 341 1159 438 65

175 516 235 591 sus
260 504 348 589 icius
365 514 643 614 impenetrabile,
673 514 721 590 ita
744 515 882 614 impetu
905 512 1057 587 hostium
1080 540 1161 613 pro-

176 634 304 710 volutis
321 634 474 709 inhabile
490 637 537 709 ad
552 636 823 734 resurgendum:
844 635 943 708 fimul
960 634 1159 727 altitudine,

174 757 382 831 &mollitia
410 755 515 848 nivis,
540 755 798 834 hauriebantur.
849 758 1032 828 Romanus
1060 754 1160 828 miles

171 876 265 952 facili
289 878 410 967 lorica,
439 881 473 950 δι
491 874 605 951 miffili
622 875 709 974 pilo,
736 895 795 949 aut
822 874 947 949 lanceis
971 872 1158 966 adsultans,

173 998 236 1072 ubi
260 1024 314 1073 res
338 996 508 1096 posceret,
535 995 603 1070 levi
620 994 739 1095 gladio
756 994 928 1068 inermem
951 997 1157 1085 Sarmatam,

174 1119 420 1217 (nequeenim
437 1116 579 1191 defendi
606 1114 703 1192 scuto
726 1141 804 1189 mos
829 1114 900 1210 est)
920 1115 1079 1190 cominus
1106 1115 1160 1189 fo-

169 1239 311 1315 diebat:
353 1241 466 1319 donec
500 1234 616 1335 pauci,
652 1235 713 1332 qui
748 1236 875 1333 proelio
909 1235 1156 1333 superfuerant,

173 1358 365 1455 paludibus
391 1360 609 1431 abderentur.
657 1355 712 1430 Ibi
738 1354 864 1430 saevitia
892 1356 1029 1445 hiemis,
1058 1361 1092 1431 δι
1122 1358 1159 1430 vi

174 1479 359 1552 vulnerum
391 1475 574 1575 absumpti.
625 1475 815 1573 Postquam
843 1470 879 1549 id
900 1479 1029 1551 Roma
1058 1503 1157 1550 com-

173 1619 327 1697 pertum,
355 1601 413 1673 Μ.
444 1597 607 1694 Aponius
640 1599 805 1671 Moefiam
827 1596 1001 1686 obtinens,
1036 1597 1157 1671 trium-

171 1719 268 1818 phali
289 1720 413 1808 statuit,
441 1717 588 1792 Fulvius
610 1717 789 1813 Aurelius,
819 1722 852 1793 a
882 1717 1042 1816 Julianus
1065 1719 1155 1790 Ter·

169 1841 254 1931 tius,
282 1867 322 1914 ac
344 1839 524 1923 Numisius
552 1841 694 1936 Lupus,
723 1837 829 1936 legati
850 1837 1046 1936 legionum,
1072 1865 1156 1915 con-

168 1961 340 2044 sularibus
362 1959 574 2034 ornamentis
602 1961 799 2032 donantur:
827 1960 906 2032 laeto
933 1961 1090 2049 Othone,
1118 1966 1153 2034 ὅτ

167 2082 318 2182 gloriam
346 2081 382 2154 in
408 2079 441 2154 se
468 2082 641 2170 trahente,
662 2085 688 2125 “
708 2100 887 2178 tamquam
910 2083 944 2152 ὃ(
973 2080 1042 2178 ipse
1066 2079 1154 2171 ,felix

168 2209 199 2247 “
217 2205 324 2296 bello,
355 2207 389 2277 δι
414 2200 480 2276 suis
501 2199 652 2274 ducibus
675 2197 806 2298 suisque
830 2200 1039 2299 exercitibus
1062 2228 1152 2276 rem-

165 2330 194 2366 “
212 2307 404 2421 publicam*
422 2321 607 2397 auxisset.”

214 2447 375 2522 LXXX.
402 2448 542 2519 Pnnvo
573 2442 710 2520 interim
732 2442 844 2534 initio,
875 2443 970 2517 unde
999 2442 1084 2515 nihil
1110 2442 1153 2515 ti-
1265 2451 1268 2459 '

136 2592 137 2595 ¹
167 2569 341 2658 mebatur,
373 2588 450 2641 orta
476 2565 612 2656 seditio,
642 2565 761 2662 prope¹
781 2563 874 2638 Urbi
901 2563 1043 2639 excidio
1076 2562 1189 2641 fuit.‘f

168 2687 537 2783 Septimamdecimam
562 2688 759 2778 cohortem,
787 2712 807 2760 e
832 2685 970 2759 colonia
989 2684 1151 2773 Ostienfi,
1193 2699 1217 2738 θ

170 2803 210 2880 in
244 2809 385 2891 Urbem
416 2807 518 2882 acciri
551 2808 648 2880 Otho
669 2805 831 2905 jufferat:
875 2807 1051 2880 armanda
1083 2789 1163 2904 ejus*

54 3026 58 3035 Ι
168 2951 255 3000 cura
271 2925 377 3000 Vario
393 2925 563 3023 Crispino,
590 2928 730 3001 tribuno
756 2952 776 2999 e
801 2919 1041 3023 pretorianis,
1059 2928 1151 3000 data.
1236 3014 1238 3016 V

166 3048 216 3138 Is,
246 3046 320 3145 qud
343 3048 455 3145 magis
477 3073 618 3139 vacuus,
642 3046 768 3146 quietis
794 3047 922 3136 castris,
944 3045 1034 3144 julla
1058 3044 1152 3120 exse-

169 3188 346 3266 queretur,
371 3169 530 3243 vehicula
546 3168 713 3260 cohortis,
732 3167 918 3265 incipiente
935 3170 1049 3257 nocte,
1068 3185 1153 3240 one-

164 3287 246 3379 rari,
278 3308 398 3386 aperto
427 3290 708 3380 armamentario,
736 3286 850 3388 jubet.
913 3290 1088 3385 Tempus,
1113 3288 1151 3363 in

166 3407 392 3506 suspicionem
401 3440 411 3498 ;
443 3411 566 3500 causa,
583 3410 620 3483 in
645 3410 795 3495 crimem
824 3408 997 3483 affedatio
1014 3408 1151 3507 quietis,

165 3528 203 3602 in
218 3532 412 3605 tumultum
435 3530 582 3605 evaluit:
616 3535 650 3604 δι
665 3528 736 3604 visa
755 3531 841 3613 inter
867 3533 1075 3604 temulentos
1097 3555 1150 3601 ar·

165 3675 239 3740 rna,
258 3649 462 3749 cupidinem
479 3650 531 3725 sul
547 3651 700 3724 movere.
751 3652 882 3725 Fremit
901 3652 1013 3740 miles,
1038 3655 1070 3722 aa
1089 3648 1149 3720 tri·

166 3772 281 3854 bunos
295 3770 583 3870 centurionesque
597 3777 623 3815 “
639 3772 867 3867 proditionis”
881 3772 1010 3875 arguit,
1025 3778 1052 3813 “
1064 3790 1151 3888 ram·

629 3892 663 4006 n
