2844 4704
265 347 331 420 188
452 344 1042 443 C.-Conuaurr,'l⁴ncrrr

259 531 288 567 “
305 524 396 621 Rapi
423 524 546 622 ignes''
570 525 760 618 Antonius,
789 535 817 571 “
833 527 1019 626 inferrique
1045 524 1231 601 amoeniffi-

226 727 228 731 ,
258 643 367 718 “mis
394 665 490 718 extra
516 648 639 720 urbem
677 646 857 736 aedificiis’'
886 646 1012 745 jubet;
1047 650 1069 720 fi
1099 647 1230 722 damno

256 788 370 837 remm
395 763 531 840 suarum
556 765 804 841 Cremonenses
831 769 874 840 ad
893 768 1097 841 mutandam
1121 768 1229 840 fidem

252 887 485 960 traherentur:
512 888 706 993 propinqua
718 872 944 978 muris'testa,
964 893 997 960 ἃ
1010 886 1230 960 altitudinem

252 1004 425 1078 moenium
441 1009 584 1105 egressa,
608 1006 787 1079 fortissimo
804 1033 945 1105 quoque
962 1007 1112 1080 militum
1130 1033 1228 1082 com·

183 1225 187 1231 ι
232 1126 347 1222 pler:
374 1127 424 1198 illi
441 1126 609 1217 trabibus,
637 1124 844 1224 tegulisque,
868 1132 902 1199 δι
920 1124 1051 1200 facibus
1069 1152 1224 1225 propug-

252 1267 390 1318 natores
411 1249 607 1322 deturbant.

301 1368 439 1442 XXXI.
467 1350 553 1461 Jin
577 1370 734 1469 legiones
760 1369 797 1441 in
824 1366 1031 1442 testudinem
1060 1369 1230 1465 glomera-

251 1490 392 1579 bantur,
422 1489 529 1562 &alii
546 1489 627 1563 saxa
649 1491 789 1586 telaque
810 1488 1038 1575 incutiebant,
1056 1490 1139 1560 clam
1156 1488 1230 1558 lan-

251 1605 411 1706 guescere
428 1610 607 1707 paullatim
621 1610 885 1682 Vitellianorum
898 1608 1019 1679 animi.
1068 1609 1122 1679 Ut
1140 1606 1230 1704 quis-

250 1755 320 1827 que
332 1730 453 1802 ordine
468 1731 634 1819 anteibat,
648 1731 768 1803 cedere
784 1727 950 1801 fortunae:
976 1752 1032 1815 ne,
1052 1727 1227 1799 Cremona

250 1874 393 1947 quoque
405 1849 531 1940 excisa,
550 1851 643 1921 nulla
652 1850 742 1921 ultra
760 1847 872 1936 venia,
891 1845 1072 1945 omnisque
1085 1848 1132 1920 ira
1152 1846 1225 1919 vic-

248 1970 345 2059 toris,
373 1994 444 2042 non
469 1968 506 2040 in
523 1971 649 2067 vulgus
674 1968 788 2064 inops,
819 1965 876 2039 sed
902 1967 941 2039 in
961 1968 1120 2041 tribunos
1145 1991 1226 2040 cen·

251 2087 479 2186 turionesque,
509 2088 571 2161 ubi
589 2088 739 2186 pretium
765 2087 868 2189 caedis
885 2107 967 2175 erat,
987 2108 1227 2160 reverteretur.

248 2208 437 2307 Gregarius
453 2208 565 2299 miles,
594 2205 701 2282 futuri
725 2206 853 2298 socors,
885 2207 1152 2306 &ignobilitate
1169 2226 1225 2278 tu-

205 2340 210 2345 ”
248 2328 332 2420 tior,
359 2328 556 2425 perstabat:
580 2328 662 2427 vagi
676 2354 736 2427 per
753 2328 838 2418 vias,
867 2329 904 2400 in
926 2327 1087 2400 domibus
1103 2325 1226 2415 abditi,

250 2475 373 2548 pacem
391 2475 436 2522 ne
451 2470 528 2524 tum
545 2449 690 2547 quidem
714 2452 872 2539 orabant,
904 2449 986 2522 curn
1005 2448 1136 2522 bellum
1164 2471 1226 2543 po·

181 2646 190 2660 ,
248 2571 395 2644 suissent.
445 2570 616 2644 Primores
633 2569 837 2672 castrorum,
863 2593 992 2673 nomen
1018 2589 1122 2664 atque
1138 2564 1226 2639 ima-

250 2690 351 2789 gines
367 2690 497 2764 Vitellii
514 2691 749 2764 amoliuntur:
777 2710 913 2763 catenas
942 2688 1093 2762 Caeciuae
1125 2689 1229 2780 (nam

248 2812 443 2885 etiamtum
457 2811 592 2886 vindos
609 2813 698 2906 erat)
724 2810 921 2899 exsolvunt,
943 2829 1125 2906 orantque,
1145 2815 1173 2849 “
1193 2828 1231 2878 ut

250 2938 278 2975 “
297 2930 403 3006 causae
430 2930 496 3005 suae
525 2934 728 3029 deprecator
755 2932 891 3005 adsistat
908 2932 944 3002 :''
974 2927 1228 3025 Aspernantem

248 3068 529 3150 tumentemque,
554 3051 705 3125 lacrimis
721 3049 877 3149 fatigant.
929 3053 1136 3123 Extremum
1154 3073 1226 3120 ma-

248 3170 377 3260 lorum,
396 3191 456 3244 ‘tot
480 3170 644 3245 fortissimi
673 3171 751 3261 viri,
782 3169 970 3267 proditoris
999 3194 1104 3266 opem
1128 3167 1226 3239 invo-

162 3283 163 3286 '
248 3309 390 3364 cantes:
427 3277 512 3364 molt
551 3295 745 3366 velamenta
777 3297 810 3365 a
845 3290 982 3380 infulas,
1027 3313 1089 3386 pro
1120 3285 1227 3359 muris

248 3406 429 3483 ostentant.
480 3413 573 3485 Clrm
600 3413 775 3486 Antonius
794 3420 821 3455 ‘⁴
841 3410 989 3486 inhiberi
1006 3410 1098 3483 tela''
1118 3403 1227 3504 jullis·

248 3527 309 3618 set,
328 3531 422 3626 figna
439 3533 638 3631 aquilasque
654 3536 833 3607 extulere:
866 3531 1024 3606 maestum
1044 3525 1229 3603 inermium
1327 3522 1331 3529 ’

247 3675 389 3750 agmen,
406 3648 547 3748 dejedlis
563 3654 599 3724 in
616 3675 743 3727 terram
755 3655 877 3743 oculis,
894 3653 1110 3751 sequebatur.
1150 3647 1227 3748 Cir·

248 3771 482 3850 cumsliterant
499 3770 661 3862 victores,
689 3779 724 3850 &
736 3773 850 3872 primo
867 3774 1070 3872 ingerebant
1083 3780 1226 3880 probra,
