2766 4658
309 352 708 432 Histonrnn‘rrnr
737 361 850 432 L'ra.
876 356 982 442 Ν.
1039 377 1127 460 315

140 531 327 649 antiquitus
339 529 519 606 sacratum.
569 526 660 605 Haec
688 533 733 604 de
749 533 936 630 origine&
963 528 1115 607 adventu

124 653 195 742 ⁴dei
204 641 444 729 celeberrima.
497 654 574 725 Nec
591 638 686 726 sum
678 676 829 750 ignarus,
849 655 915 724 elle
932 647 1113 749 quosdam,

105 805 108 809 ·
139 774 200 871 qui
230 782 259 816 “
287 774 455 861 seleucii,
481 775 568 845 urbe
596 772 713 868 Syriae,
756 771 920 857 accitum,
950 783 1115 868 regnante

139 890 512 991 “Ptolemaeum
529 892 626 964 tertia
641 911 720 964 aetas
737 893 813 963 tulit
827 892 932 963 delii
952 899 977 932 “
997 893 1114 963 audio·

33 1104 37 1109 ν
140 1020 169 1056 “
187 1040 259 1087 rem
276 1015 439 1086 eumdem
458 1013 701 1101 Ptolemaeum,
721 995 851 1100 sedem,
875 1035 919 1084 ex
937 1013 1006 1109 qul
1023 1018 1115 1084 ttarl'·

138 1141 169 1176 ·“
190 1134 292 1222 sterit,
313 1132 536 1228 Memphim'
566 1132 762 1229 perhibent,
790 1114 940 1204 inclitam
957 1124 1056 1221 olim,
1082 1135 1117 1203 ba

137 1252 263 1326 veteris
295 1252 443 1352 AEgypti
476 1254 658 1327 columen,
703 1254 827 1324 *Deum
860 1250 971 1347 ipsum
1014 1242 1116 1326 multi

139 1379 169 1414 “
187 1368 447 1471 AEsculapium,
474 1370 569 1470 qubd
604 1364 784 1445 medeatur
824 1370 943 1469 agris·
962 1369 1114 1470 corpori-

141 1497 169 1535 “
188 1493 252 1566 bus
267 1495 303 1579 ;''
345 1494 487 1591 quidam
526 1500 553 1535 “
581 1494 708 1582 Osirin,
741 1492 1015 1591 “antiquiffinlum
1050 1492 1117 1567 illis

139 1618 169 1658 “
186 1615 347 1711 gentibus
364 1626 492 1688 n'umen
510 1616 546 1700 ;'’
564 1613 725 1710 plerique¹
737 1613 924 1707 “''Jovem,
943 1630 982 1684 ut
998 1634 1116 1687 rerum

90 1756 93 1762 '
140 1741 169 1777 “
188 1735 347 1807 omnium
367 1753 546 1832 potentem
560 1735 597 1820 ;'’
616 1725 767 1829 'plurimi
786 1725 812 1774 ‘³
827 1732 946 1805 Ditem
965 1749 1112 1830 patrem,
1197 1830 1200 1836 ³

138 1861 166 1897 “
185 1855 391 1953 insignibus,
420 1879 498 1954 quae
540 1854 575 1926 in
604 1852 682 1951 ipso
704 1854 919 1945 manifestaf’
952 1873 1024 1926 aut,
1052 1867 1115 1951 per
1175 1935 1195 1948 „

134 1977 306 2073 ambages
321 1999 398 2071 con
391 1973 527 2047 celant
594 1997 596 2003 ’
651 2014 654 2024 ·
772 1988 774 1992 ’
1098 2000 1102 2006 ’
1181 2048 1185 2067 ,

136 2097 382 2169 ·.·LXXXV
401 2101 460 2169 Aa
478 2093 698 2185 Domitianus
724 2094 991 2207 Mucianusque,
1017 2099 1141 2169 ante-¹

135 2223 242 2325 quam
259 2217 409 2314 Alpibus
429 2202 712 2335 propinquarent,
743 2214 921 2311 prosperos
943 2241 1058 2288 rerum
1076 2215 1114 2288 in

135 2336 295 2410 Treveris
325 2335 496 2433 gestarum
530 2336 669 2409 nuntios
695 2334 875 2449 accepere.
934 2335 1114 2447 Praecipua
1210 2319 1212 2322 ’

135 2454 290 2528 νὶἃοτίω
315 2455 414 2543 fides,
442 2454 531 2527 dux
543 2455 716 2529 bostium
729 2452 946 2544 Valentinus,
980 2477 1111 2552 nequa-

136 2597 242 2671 quam
261 2572 395 2672 abjecto
411 2575 542 2665 anim0,
569 2597 656 2673 quos
680 2575 827 2674 spiritus
832 2573 988 2674 gellilset,
1010 2577 1111 2649 vultu

135 2691 276 2766 ferebat.
327 2678 481 2768 Auditus
506 2695 590 2768 ideo‘
601 2698 759 2787 tantiam,
775 2719 815 2770 ut
841 2695 1036 2769 nosceretur
1056 2695 1111 2768 in-

134 2811 277 2910 genium
309 2810 395 2909 ejus,
420 2804 696 2913 damnatusque,
725 2817 817 2890 inter
834 2814 954 2915 ipsum
982 2805 1111 2914 suppli·

134 2932 243 3021 cmm,
279 2934 501 3029 exprobranti
530 2935 677 3010 cuidam
699 2944 730 2982 ’“
749 2938 896 3035 patriam
928 2934 999 3033 ejus
1028 2962 1110 3034 cap-

135 3060 163 3096 “
181 3053 294 3140 tam‚’'
318 3053 518 3150 “accipere
539 3053 572 3128 se
588 3054 747 3130 solatium
765 3058 905 3130 mortis’'
921 3057 1125 3156 respondit(

122 3174 199 3246 'Sed
226 3170 427 3260 Mucianus,
457 3176 554 3271 quod
581 3175 642 3249 diu
658 3178 907 3265 occultaverat,
933 3197 970 3249 ut
994 3203 1110 3254 recens

131 3297 370 3394 exprompfit:
400 3300 427 3336 “
446 3297 637 3392 Qioniam,
660 3296 871 3393 benignitate
886 3297 1006 3389 debm,
1023 3299 1108 3375 frac-

132 3421 161 3456 “
178 3434 222 3488 tae
250 3412 401 3486 hostium
425 3413 515 3487 vires
539 3414 662 3506 forent,
691 3442 815 3513 parum
842 3416 966 3490 decore
983 3420 1108 3493 Domi·

133 3541 162 3575 “
180 3534 327 3624 tianum,
366 3533 526 3608 confecto
555 3536 663 3631 prope
693 3532 807 3625 bello,
836 3536 954 3611 alienae
987 3541 1107 3638 gloriae

134 3658 162 3694 “
180 3652 466 3728 interventurum.
528 3654 560 3726 Si
599 3653 704 3729 status
745 3656 894 3756 imperii,
928 3680 988 3732 aut
1020 3658 1106 3732 salus

133 3773 367 3850 “Galliarum
409 3775 445 3849 in
483 3773 677 3850 discrimine
713 3800 911 3873 verteretur,
952 3776 1105 3851 debuisse
