2806 4694
347 352 976 434 H1sron1nnunLra.11.
1074 358 1077 362 ’
1112 366 1157 458 89

16 628 18 639 <
176 532 430 632 mancipiorum
478 538 746 612 valentissimum
784 564 960 637 quemque
1001 541 1159 612 armavit.

79 665 80 669 ’
174 656 495 755 Centurionemque
512 658 700 752 Sisennam,
719 661 870 749 dextraS,
893 659 1089 733 concordia
1107 659 1160 732 in·
1190 658 1193 666 ’

176 778 294 876 fignia,
324 778 453 874 Syriaci
488 780 658 852 exercitlls
691 781 831 853 nomine
858 782 903 853 ad
939 780 1161 878 p'raetorianos

175 897 356 990 ferentem,
384 899 487 973 variis
515 900 646 974 artibus
672 900 847 997 adgressus
872 900 944 975 est:
972 896 1086 974 donec
1107 902 1159 974 Si·

159 1018 290 1110 ·senna,
318 1022 411 1096 clam
440 1021 557 1094 relicta
583 1020 705 1111 insulsi,
739 1021 892 1118 trepidus
922 1022 1056 1095 &vim
1084 1046 1159 1094 me-

175 1158 276 1213 tuens
292 1139 496 1240 aufugeret:
528 1142 610 1214 inde
626 1142 694 1214 lati:
718 1162 840 1231 terror,
867 1143 985 1215 multis
1003 1144 1048 1215 ad
1069 1144 1159 1217 cele-

174 1260 336 1334 britatem
353 1263 502 1335 nominis
518 1263 648 1352 eredis,
666 1287 782 1335 rerum
795 1287 966 1335 novarum
979 1262 1159 1360 cupidine,
1229 1344 1232 1349 ,

178 1385 211 1452 &
229 1380 313 1452 odio
332 1379 561 1478 praesentium.
767 1396 768 1400 ’
812 1358 820 1376 ’

227 1497 291 1572 ΙΧ.
317 1505 579 1576 Garscsuram
609 1504 643 1576 in
675 1503 748 1576 dies
765 1501 896 1576 samam
920 1501 987 1575 sors
1000 1502 1159 1577 discunt.

176 1619 349 1694 Galatiam
386 1648 427 1695 ac
456 1624 704 1721 Pamphyliam
733 1622 938 1721 provincias,
967 1624 1159 1721 Calpurnio

176 1739 358 1840 Asprenati
366 1745 538 1841 ¹regendas
550 1746 664 1818 Galba
677 1733 872 1841 permiserat
887 1774 895 1817 :
915 1745 1004 1817 datae
1021 1771 1040 1818 e
1058 1746 1161 1819 classe
1204 1736 1209 1751 ⁴

176 1859 361 1935 Misenenfi
391 1864 470 1937 duae
497 1864 651 1938 triremes
683 1867 727 1937 ad
757 1863 1050 1962 prosequendum,
1078 1893 1161 1941 cum

139 2018 141 2021 ’
176 1981 304 2078 quibus
335 1984 515 2080 Cythnum
543 1984 691 2059 insulam
719 1986 839 2057 tenuit.
889 1987 968 2059 Nec
1000 1985 1157 2078 desusre,

175 2102 237 2199 qui
266 2102 467 2179 trierarchos
497 2106 639 2179 nomine
670 2106 820 2178 Neronis
851 2104 1025 2179 accirent:
1065 2106 1093 2180 is
1119 2101 1181 2182 in*

176 2223 370 2299 maestitiam
387 2230 614 2322 compositus,
641 2231 674 2298 δι
703 2233 729 2268 “
748 2228 855 2299 fidem
875 2224 1016 2299 suorum
1042 2253 1156 2324 quon-

176 2350 204 2385 “
221 2345 305 2418 dam
318 2345 497 2420 militum”
515 2344 695 2439 invocans,
714 2353 742 2388 ‘⁴
761 2368 801 2419 ut
818 2342 899 2419 eum
916 2345 953 2417 in
962 2345 1070 2442 Syria,
1098 2369 1159 2421 aut

177 2472 204 2507 “
222 2466 384 2565 AEgypto
402 2467 576 2540 srsterent”
597 2469 730 2541 orabat.
770 2466 965 2540 Trierarchi
981 2486 1155 2559 nutantes,

174 2583 231 2659 seu
264 2589 360 2676 dolo,
398 2588 683 2685 “adloquendos
713 2586 774 2661 fibi
798 2587 938 2676 milites,
969 2592 1014 2683 &N
1033 2589 1158 2685 paratis
1229 2680 1231 2686 Ι

179 2708 384 2780 “omnium
412 2706 535 2781 animis
568 2708 780 2780 reversuros''
807 2709 1041 2782 firmaverunt.
1090 2711 1157 2783 Sed

178 2825 360 2922 Asprenati
377 2829 499 2899 cunda
515 2854 559 2900 ex
581 2830 652 2901 lide
671 2828 850 2901 nuntiata:
879 2826 974 2926 cujus
998 2833 1156 2905 cohorta·
1199 2856 1201 2862 ’

177 2945 277 3020 tione
293 2968 493 3047 expugnata
518 2948 628 3039 navis,
660 2954 693 3023 δι
717 2947 913 3021 interfedtus
930 2935 1082 3049 quisquis
1100 2951 1157 3026 ille

176 3077 257 3140 erat.
308 3068 444 3166 Corpus
470 3066 601 3168 insigne
628 3069 753 3160 oculis,
789 3072 960 3167 comlque
989 3075 1022 3144 δι
1049 3073 1155 3146 torvi-

173 3207 243 3261 tate
271 3178 414 3278 vultltsj
432 3189 466 3261 in
494 3192 626 3279 Asiam,
649 3211 753 3287 atque
781 3189 863 3263 inde
895 3195 1050 3265 Romam
1067 3198 1155 3289 ¹per-

174 3311 313 3384 vectum
331 3310 391 3382 est.

222 3431 268 3503 X.
295 3433 340 3522 Iu
376 3430 513 3504 civitate
541 3429 705 3520 discordi,
737 3435 786 3521 dc,
815 3433 862 3504 ob
890 3434 1026 3505 crebras
1055 3434 1154 3507 Prin·

172 3547 291 3646 cipum
321 3552 544 3640 mutationes,
570 3551 660 3624 inter
689 3551 883 3624 libertatem
912 3577 952 3624 ac
980 3553 1158 3628 licentiam

173 3669 315 3764 incertas,
346 3699 461 3770 parvae
480 3697 620 3769 quoque
645 3696 698 3744 res
727 3670 862 3769 magnis
890 3673 1043 3747 motibus
1071 3700 1154 3771 age-

172 3792 308 3866 bantur.
358 3792 483 3868 Vibius
499 3789 652 3890 Crispus,
684 3793 844 3889 pecunilt,
865 3793 1031 3889 potenti-l,
1054 3793 1153 3889 inge·
