<?xml version="1.0" encoding="UTF-8"?>
<!DOCTYPE html PUBLIC "-//W3C//DTD XHTML 1.0 Transitional//EN"
    "http://www.w3.org/TR/xhtml1/DTD/xhtml1-transitional.dtd">
<html xmlns="http://www.w3.org/1999/xhtml" xml:lang="en" lang="en">
 <head>
  <title>
</title>
<meta http-equiv="Content-Type" content="text/html;charset=utf-8" />
  <meta name='ocr-system' content='tesseract 3.04.00' />
  <meta name='ocr-capabilities' content='ocr_page ocr_carea ocr_par ocr_line ocrx_word'/>
</head>
<body>
  <div class='ocr_page' id='page_1' title='image "./ccorneliitaciti01freigoog_0379.png"; bbox 0 0 2752 4710; ppageno 0'>
   <div class='ocr_carea' id='block_1_1' title="bbox 180 313 1076 450">
    <p class='ocr_par' dir='ltr' id='par_1_1' title="bbox 180 313 1076 450">
     <span class='ocr_line' id='line_1_1' title="bbox 180 313 1076 450; baseline -0.001 -27"><span class='ocrx_word' id='word_1_1' title='bbox 180 313 182 316; x_wconf 10' lang='grc' dir='ltr'><strong><em>Δ</em></strong></span> <span class='ocrx_word' id='word_1_2' title='bbox 239 375 288 450; x_wconf 81' lang='lat'>34</span> <span class='ocrx_word' id='word_1_3' title='bbox 356 329 366 354; x_wconf 62' lang='lat'>⁸</span> <span class='ocrx_word' id='word_1_4' title='bbox 431 347 1022 423; x_wconf 73' lang='lat' dir='ltr'>C.Cnnuni11Tncrrr</span> <span class='ocrx_word' id='word_1_5' title='bbox 1073 445 1076 447; x_wconf 8' lang='grc' dir='ltr'><strong>Α</strong></span> 
     </span>
    </p>
   </div>
   <div class='ocr_carea' id='block_1_2' title="bbox 128 521 1333 3905">
    <p class='ocr_par' dir='ltr' id='par_1_2' title="bbox 237 521 1246 984">
     <span class='ocr_line' id='line_1_2' title="bbox 237 521 1246 631; baseline 0.009 -38"><span class='ocrx_word' id='word_1_6' title='bbox 237 521 391 618; x_wconf 85' lang='lat' dir='ltr'>plenior,</span> <span class='ocrx_word' id='word_1_7' title='bbox 414 527 449 597; x_wconf 90' lang='lat'>&amp;</span> <span class='ocrx_word' id='word_1_8' title='bbox 467 523 632 599; x_wconf 87' lang='lat' dir='ltr'>valentior</span> <span class='ocrx_word' id='word_1_9' title='bbox 647 521 797 606; x_wconf 83' lang='lat' dir='ltr'>Cicer03</span> <span class='ocrx_word' id='word_1_10' title='bbox 827 546 952 598; x_wconf 88' lang='lat' dir='ltr'>omnes</span> <span class='ocrx_word' id='word_1_11' title='bbox 979 542 1097 600; x_wconf 84' lang='lat' dir='ltr'>tamen</span> <span class='ocrx_word' id='word_1_12' title='bbox 1124 547 1220 601; x_wconf 84' lang='lat' dir='ltr'>eam·</span> <span class='ocrx_word' id='word_1_13' title='bbox 1244 628 1246 631; x_wconf 12' lang='lat' dir='ltr'>v</span> 
     </span>
     <span class='ocr_line' id='line_1_3' title="bbox 239 640 1220 740; baseline 0.006 -25"><span class='ocrx_word' id='word_1_14' title='bbox 239 643 323 717; x_wconf 86' lang='lat' dir='ltr'>dem</span> <span class='ocrx_word' id='word_1_15' title='bbox 351 641 527 721; x_wconf 87' lang='lat' dir='ltr'>sanitatem</span> <span class='ocrx_word' id='word_1_16' title='bbox 554 641 760 740; x_wconf 87' lang='lat' dir='ltr'>eloquentiae</span> <span class='ocrx_word' id='word_1_17' title='bbox 781 640 913 718; x_wconf 83' lang='lat' dir='ltr'>serunt:</span> <span class='ocrx_word' id='word_1_18' title='bbox 946 666 986 720; x_wconf 94' lang='lat' dir='ltr'>ut</span> <span class='ocrx_word' id='word_1_19' title='bbox 1012 649 1035 720; x_wconf 85' lang='lat' dir='ltr'><strong>fi</strong></span> <span class='ocrx_word' id='word_1_20' title='bbox 1060 645 1220 722; x_wconf 87' lang='lat' dir='ltr'>omnium</span> 
     </span>
     <span class='ocr_line' id='line_1_4' title="bbox 240 761 1222 866; baseline 0.005 -29"><span class='ocrx_word' id='word_1_21' title='bbox 240 764 367 862; x_wconf 88' lang='lat' dir='ltr'>pariter</span> <span class='ocrx_word' id='word_1_22' title='bbox 382 765 487 838; x_wconf 80' lang='lat' dir='ltr'>libros</span> <span class='ocrx_word' id='word_1_23' title='bbox 510 763 546 836; x_wconf 91' lang='lat' dir='ltr'>in</span> <span class='ocrx_word' id='word_1_24' title='bbox 569 789 693 840; x_wconf 86' lang='lat' dir='ltr'>manus</span> <span class='ocrx_word' id='word_1_25' title='bbox 710 761 900 861; x_wconf 85' lang='lat' dir='ltr'>sumpseris,</span> <span class='ocrx_word' id='word_1_26' title='bbox 930 764 1027 857; x_wconf 92' lang='lat' dir='ltr'>scias,</span> <span class='ocrx_word' id='word_1_27' title='bbox 1059 767 1222 866; x_wconf 76' lang='lat' dir='ltr'>quamvis</span> 
     </span>
     <span class='ocr_line' id='line_1_5' title="bbox 239 882 1221 984; baseline 0.007 -27"><span class='ocrx_word' id='word_1_28' title='bbox 239 882 273 957; x_wconf 82' lang='lat' dir='ltr'>in</span> <span class='ocrx_word' id='word_1_29' title='bbox 291 884 426 958; x_wconf 80' lang='lat' dir='ltr'>diversis</span> <span class='ocrx_word' id='word_1_30' title='bbox 454 883 618 983; x_wconf 85' lang='lat' dir='ltr'>ingeniis,</span> <span class='ocrx_word' id='word_1_31' title='bbox 641 887 709 958; x_wconf 84' lang='lat' dir='ltr'>effe</span> <span class='ocrx_word' id='word_1_32' title='bbox 734 885 922 983; x_wconf 86' lang='lat' dir='ltr'>quamdam</span> <span class='ocrx_word' id='word_1_33' title='bbox 937 883 1063 984; x_wconf 82' lang='lat' dir='ltr'>judicii</span> <span class='ocrx_word' id='word_1_34' title='bbox 1088 916 1131 968; x_wconf 83' lang='lat' dir='ltr'>ac</span> <span class='ocrx_word' id='word_1_35' title='bbox 1157 915 1221 965; x_wconf 86' lang='lat' dir='ltr'>vo·</span> 
     </span>
    </p>

    <p class='ocr_par' dir='ltr' id='par_1_3' title="bbox 128 1004 1224 1230">
     <span class='ocr_line' id='line_1_6' title="bbox 192 1004 1223 1106; baseline 0.007 -27"><span class='ocrx_word' id='word_1_36' title='bbox 192 1061 196 1071; x_wconf 83' lang='lat'>.</span> <span class='ocrx_word' id='word_1_37' title='bbox 237 1005 378 1081; x_wconf 86' lang='lat' dir='ltr'>luntatis</span> <span class='ocrx_word' id='word_1_38' title='bbox 421 1004 682 1080; x_wconf 86' lang='lat' dir='ltr'>fimilitudinem</span> <span class='ocrx_word' id='word_1_39' title='bbox 719 1009 754 1080; x_wconf 75' lang='grc' dir='ltr'>δι</span> <span class='ocrx_word' id='word_1_40' title='bbox 795 1006 1054 1106; x_wconf 84' lang='lat' dir='ltr'><strong>cognationem.</strong></span> <span class='ocrx_word' id='word_1_41' title='bbox 1120 1008 1223 1086; x_wconf 83' lang='lat' dir='ltr'>Nani</span> 
     </span>
     <span class='ocr_line' id='line_1_7' title="bbox 128 1112 1224 1230; baseline 0.01 -31"><span class='ocrx_word' id='word_1_42' title='bbox 128 1158 133 1164; x_wconf 89' lang='lat'>·</span> <span class='ocrx_word' id='word_1_43' title='bbox 238 1126 337 1225; x_wconf 76' lang='lat' dir='ltr'>quiid</span> <span class='ocrx_word' id='word_1_44' title='bbox 365 1126 518 1203; x_wconf 87' lang='lat' dir='ltr'>invicem</span> <span class='ocrx_word' id='word_1_45' title='bbox 551 1125 584 1199; x_wconf 91' lang='lat' dir='ltr'>se</span> <span class='ocrx_word' id='word_1_46' title='bbox 616 1125 916 1218; x_wconf 71' lang='lat' dir='ltr'>obtrestaverunt,</span> <span class='ocrx_word' id='word_1_47' title='bbox 942 1127 980 1200; x_wconf 85' lang='lat'>&amp;</span> <span class='ocrx_word' id='word_1_48' title='bbox 1003 1127 1080 1204; x_wconf 89' lang='lat' dir='ltr'>sunt</span> <span class='ocrx_word' id='word_1_49' title='bbox 1107 1112 1224 1230; x_wconf 73' lang='lat' dir='ltr'>aliqua</span> 
     </span>
    </p>

    <p class='ocr_par' dir='ltr' id='par_1_4' title="bbox 168 1246 1333 2795">
     <span class='ocr_line' id='line_1_8' title="bbox 174 1246 1222 1357; baseline 0.009 -39"><span class='ocrx_word' id='word_1_50' title='bbox 174 1322 177 1329; x_wconf 23' lang='lat'><em>4</em></span> <span class='ocrx_word' id='word_1_51' title='bbox 238 1247 389 1344; x_wconf 79' lang='lat' dir='ltr'>epistolis</span> <span class='ocrx_word' id='word_1_52' title='bbox 407 1272 526 1321; x_wconf 87' lang='lat' dir='ltr'>eorum</span> <span class='ocrx_word' id='word_1_53' title='bbox 545 1246 681 1338; x_wconf 89' lang='lat' dir='ltr'>inserta,</span> <span class='ocrx_word' id='word_1_54' title='bbox 713 1274 758 1322; x_wconf 87' lang='lat' dir='ltr'>ex</span> <span class='ocrx_word' id='word_1_55' title='bbox 777 1249 905 1347; x_wconf 90' lang='lat' dir='ltr'>quibus</span> <span class='ocrx_word' id='word_1_56' title='bbox 922 1271 1044 1325; x_wconf 86' lang='lat' dir='ltr'>mutua</span> <span class='ocrx_word' id='word_1_57' title='bbox 1060 1252 1222 1357; x_wconf 77' lang='lat' dir='ltr'>maligni·</span> 
     </span>
     <span class='ocr_line' id='line_1_9' title="bbox 238 1367 1333 1467; baseline 0.006 -26"><span class='ocrx_word' id='word_1_58' title='bbox 238 1389 290 1442; x_wconf 88' lang='lat' dir='ltr'>tas</span> <span class='ocrx_word' id='word_1_59' title='bbox 306 1369 493 1467; x_wconf 84' lang='lat' dir='ltr'>detegitur,</span> <span class='ocrx_word' id='word_1_60' title='bbox 512 1367 652 1442; x_wconf 89' lang='lat' dir='ltr'>nonest</span> <span class='ocrx_word' id='word_1_61' title='bbox 675 1389 852 1444; x_wconf 87' lang='lat' dir='ltr'>oratorum</span> <span class='ocrx_word' id='word_1_62' title='bbox 869 1370 1007 1464; x_wconf 87' lang='lat' dir='ltr'>vitium,</span> <span class='ocrx_word' id='word_1_63' title='bbox 1032 1371 1091 1466; x_wconf 85' lang='lat' dir='ltr'>sed</span> <span class='ocrx_word' id='word_1_64' title='bbox 1108 1373 1223 1450; x_wconf 88' lang='lat' dir='ltr'>homi·</span> <span class='ocrx_word' id='word_1_65' title='bbox 1328 1457 1333 1465; x_wconf 45' lang='grc'><strong>,</strong></span> 
     </span>
     <span class='ocr_line' id='line_1_10' title="bbox 236 1491 1223 1593; baseline 0.01 -31"><span class='ocrx_word' id='word_1_66' title='bbox 236 1516 338 1564; x_wconf 89' lang='lat' dir='ltr'>num.</span> <span class='ocrx_word' id='word_1_67' title='bbox 388 1491 482 1563; x_wconf 85' lang='lat' dir='ltr'>Nam</span> <span class='ocrx_word' id='word_1_68' title='bbox 517 1494 550 1564; x_wconf 73' lang='lat' dir='ltr'>lle</span> <span class='ocrx_word' id='word_1_69' title='bbox 579 1491 745 1583; x_wconf 85' lang='lat' dir='ltr'>Calvum,</span> <span class='ocrx_word' id='word_1_70' title='bbox 772 1492 810 1567; x_wconf 88' lang='lat'>&amp;</span> <span class='ocrx_word' id='word_1_71' title='bbox 838 1494 1014 1587; x_wconf 82' lang='lat' dir='ltr'>Asinium,</span> <span class='ocrx_word' id='word_1_72' title='bbox 1042 1494 1080 1568; x_wconf 77' lang='grc' dir='ltr'>δι</span> <span class='ocrx_word' id='word_1_73' title='bbox 1108 1494 1223 1593; x_wconf 89' lang='lat' dir='ltr'>ipsum</span> 
     </span>
     <span class='ocr_line' id='line_1_11' title="bbox 235 1612 1221 1708; baseline 0.003 -20"><span class='ocrx_word' id='word_1_74' title='bbox 235 1612 446 1707; x_wconf 86' lang='lat' dir='ltr'>¹Ciceronem</span> <span class='ocrx_word' id='word_1_75' title='bbox 463 1612 567 1685; x_wconf 87' lang='lat' dir='ltr'>credo</span> <span class='ocrx_word' id='word_1_76' title='bbox 591 1612 707 1687; x_wconf 86' lang='lat' dir='ltr'>solitos</span> <span class='ocrx_word' id='word_1_77' title='bbox 730 1613 768 1685; x_wconf 89' lang='lat'>&amp;</span> <span class='ocrx_word' id='word_1_78' title='bbox 784 1612 955 1707; x_wconf 86' lang='lat' dir='ltr'>invidere,</span> <span class='ocrx_word' id='word_1_79' title='bbox 984 1618 1022 1690; x_wconf 75' lang='grc' dir='ltr'>δι</span> <span class='ocrx_word' id='word_1_80' title='bbox 1038 1616 1159 1708; x_wconf 87' lang='lat' dir='ltr'>livere,</span> <span class='ocrx_word' id='word_1_81' title='bbox 1186 1621 1221 1703; x_wconf 68' lang='grc' dir='ltr'>ὃς</span> 
     </span>
     <span class='ocr_line' id='line_1_12' title="bbox 237 1732 1224 1817; baseline 0.01 -10"><span class='ocrx_word' id='word_1_82' title='bbox 237 1732 359 1807; x_wconf 89' lang='lat' dir='ltr'>ceteris</span> <span class='ocrx_word' id='word_1_83' title='bbox 383 1735 548 1807; x_wconf 83' lang='lat' dir='ltr'>humanae</span> <span class='ocrx_word' id='word_1_84' title='bbox 577 1733 788 1811; x_wconf 86' lang='lat' dir='ltr'>infirmitatis</span> <span class='ocrx_word' id='word_1_85' title='bbox 821 1735 915 1812; x_wconf 87' lang='lat' dir='ltr'>vitiis</span> <span class='ocrx_word' id='word_1_86' title='bbox 946 1737 1073 1813; x_wconf 87' lang='lat' dir='ltr'>adlici:</span> <span class='ocrx_word' id='word_1_87' title='bbox 1108 1737 1224 1817; x_wconf 74' lang='lat' dir='ltr'>solum</span> 
     </span>
     <span class='ocr_line' id='line_1_13' title="bbox 236 1853 1223 1958; baseline 0.01 -30"><span class='ocrx_word' id='word_1_88' title='bbox 236 1853 328 1928; x_wconf 90' lang='lat' dir='ltr'>inter</span> <span class='ocrx_word' id='word_1_89' title='bbox 352 1856 416 1928; x_wconf 92' lang='lat' dir='ltr'>hos</span> <span class='ocrx_word' id='word_1_90' title='bbox 440 1854 589 1952; x_wconf 81' lang='lat' dir='ltr'>arbitror</span> <span class='ocrx_word' id='word_1_91' title='bbox 615 1858 774 1947; x_wconf 83' lang='lat' dir='ltr'>Brutum,</span> <span class='ocrx_word' id='word_1_92' title='bbox 804 1885 876 1935; x_wconf 87' lang='lat' dir='ltr'>non</span> <span class='ocrx_word' id='word_1_93' title='bbox 900 1859 1127 1958; x_wconf 85' lang='lat' dir='ltr'>malignitate,</span> <span class='ocrx_word' id='word_1_94' title='bbox 1154 1885 1223 1938; x_wconf 86' lang='lat' dir='ltr'>nec</span> 
     </span>
     <span class='ocr_line' id='line_1_14' title="bbox 234 1973 1223 2077; baseline 0.012 -29"><span class='ocrx_word' id='word_1_95' title='bbox 234 1973 379 2062; x_wconf 63' lang='lat' dir='ltr'>invidis,</span> <span class='ocrx_word' id='word_1_96' title='bbox 397 1973 455 2047; x_wconf 92' lang='lat' dir='ltr'>sed</span> <span class='ocrx_word' id='word_1_97' title='bbox 469 1973 678 2070; x_wconf 88' lang='lat' dir='ltr'>fimpliciter,</span> <span class='ocrx_word' id='word_1_98' title='bbox 691 1976 728 2051; x_wconf 88' lang='lat'>&amp;</span> <span class='ocrx_word' id='word_1_99' title='bbox 745 1975 914 2074; x_wconf 69' lang='lat' dir='ltr'>ingenue,</span> <span class='ocrx_word' id='word_1_100' title='bbox 922 1979 1099 2077; x_wconf 90' lang='lat' dir='ltr'>judicium</span> <span class='ocrx_word' id='word_1_101' title='bbox 1112 1980 1223 2060; x_wconf 85' lang='lat' dir='ltr'>animi</span> 
     </span>
     <span class='ocr_line' id='line_1_15' title="bbox 168 2094 1222 2196; baseline 0.003 -24"><span class='ocrx_word' id='word_1_102' title='bbox 168 2111 170 2117; x_wconf 80' lang='grc'>’</span> <span class='ocrx_word' id='word_1_103' title='bbox 233 2096 285 2173; x_wconf 67' lang='lat' dir='ltr'>,sui</span> <span class='ocrx_word' id='word_1_104' title='bbox 303 2097 487 2175; x_wconf 85' lang='lat' dir='ltr'>detexisse:</span> <span class='ocrx_word' id='word_1_105' title='bbox 518 2122 561 2168; x_wconf 88' lang='lat' dir='ltr'>an</span> <span class='ocrx_word' id='word_1_106' title='bbox 585 2094 756 2167; x_wconf 86' lang='lat' dir='ltr'>invideret</span> <span class='ocrx_word' id='word_1_107' title='bbox 772 2097 946 2186; x_wconf 86' lang='lat' dir='ltr'>Ciceroni,</span> <span class='ocrx_word' id='word_1_108' title='bbox 974 2100 1036 2196; x_wconf 92' lang='lat' dir='ltr'>qui</span> <span class='ocrx_word' id='word_1_109' title='bbox 1062 2101 1148 2180; x_wconf 91' lang='lat' dir='ltr'>mihi</span> <span class='ocrx_word' id='word_1_110' title='bbox 1166 2103 1222 2176; x_wconf 90' lang='lat' dir='ltr'>vi·</span> 
     </span>
     <span class='ocr_line' id='line_1_16' title="bbox 235 2198 1221 2317; baseline 0.003 -24"><span class='ocrx_word' id='word_1_111' title='bbox 235 2198 339 2293; x_wconf 84' lang='lat' dir='ltr'>detur</span> <span class='ocrx_word' id='word_1_112' title='bbox 356 2245 400 2292; x_wconf 89' lang='lat' dir='ltr'>ne</span> <span class='ocrx_word' id='word_1_113' title='bbox 424 2216 547 2292; x_wconf 88' lang='lat' dir='ltr'>Caesari</span> <span class='ocrx_word' id='word_1_114' title='bbox 563 2216 706 2315; x_wconf 88' lang='lat' dir='ltr'>quidem</span> <span class='ocrx_word' id='word_1_115' title='bbox 723 2214 909 2290; x_wconf 83' lang='lat' dir='ltr'>invidisse?</span> <span class='ocrx_word' id='word_1_116' title='bbox 960 2221 1070 2317; x_wconf 80' lang='lat' dir='ltr'>Qud</span> <span class='ocrx_word' id='word_1_117' title='bbox 1083 2221 1128 2291; x_wconf 88' lang='lat' dir='ltr'>ad</span> <span class='ocrx_word' id='word_1_118' title='bbox 1144 2223 1221 2298; x_wconf 89' lang='lat' dir='ltr'>Ser.</span> 
     </span>
     <span class='ocr_line' id='line_1_17' title="bbox 236 2337 1221 2434; baseline -0.011 -18"><span class='ocrx_word' id='word_1_119' title='bbox 236 2344 389 2416; x_wconf 83' lang='lat' dir='ltr'>Galbam</span> <span class='ocrx_word' id='word_1_120' title='bbox 413 2339 448 2431; x_wconf 84' lang='lat'>&amp;</span> <span class='ocrx_word' id='word_1_121' title='bbox 466 2341 508 2416; x_wconf 87' lang='lat' dir='ltr'>C.</span> <span class='ocrx_word' id='word_1_122' title='bbox 526 2338 679 2415; x_wconf 85' lang='lat' dir='ltr'>Laelium</span> <span class='ocrx_word' id='word_1_123' title='bbox 695 2337 831 2426; x_wconf 83' lang='lat' dir='ltr'>attinet,</span> <span class='ocrx_word' id='word_1_124' title='bbox 855 2338 893 2408; x_wconf 89' lang='lat'>&amp;</span> <span class='ocrx_word' id='word_1_125' title='bbox 911 2341 934 2410; x_wconf 88' lang='lat' dir='ltr'>sr</span> <span class='ocrx_word' id='word_1_126' title='bbox 951 2362 1037 2434; x_wconf 82' lang='lat' dir='ltr'>quos</span> <span class='ocrx_word' id='word_1_127' title='bbox 1053 2337 1137 2414; x_wconf 86' lang='lat' dir='ltr'>alios</span> <span class='ocrx_word' id='word_1_128' title='bbox 1155 2367 1221 2415; x_wconf 89' lang='lat' dir='ltr'>an.</span> 
     </span>
     <span class='ocr_line' id='line_1_18' title="bbox 235 2457 1224 2562; baseline -0.002 -24"><span class='ocrx_word' id='word_1_129' title='bbox 235 2465 415 2562; x_wconf 88' lang='lat' dir='ltr'>tiquorum</span> <span class='ocrx_word' id='word_1_130' title='bbox 445 2462 576 2560; x_wconf 84' lang='lat' dir='ltr'>agitare</span> <span class='ocrx_word' id='word_1_131' title='bbox 605 2486 677 2534; x_wconf 91' lang='lat' dir='ltr'>non</span> <span class='ocrx_word' id='word_1_132' title='bbox 698 2457 840 2550; x_wconf 80' lang='lat' dir='ltr'>desistit,</span> <span class='ocrx_word' id='word_1_133' title='bbox 869 2483 942 2533; x_wconf 88' lang='lat' dir='ltr'>non</span> <span class='ocrx_word' id='word_1_134' title='bbox 965 2457 1075 2558; x_wconf 82' lang='lat' dir='ltr'>exigit</span> <span class='ocrx_word' id='word_1_135' title='bbox 1098 2460 1224 2537; x_wconf 86' lang='lat' dir='ltr'>desen-</span> 
     </span>
     <span class='ocr_line' id='line_1_19' title="bbox 233 2579 1225 2680; baseline -0.004 -20"><span class='ocrx_word' id='word_1_136' title='bbox 233 2584 359 2675; x_wconf 85' lang='lat' dir='ltr'>sorem,</span> <span class='ocrx_word' id='word_1_137' title='bbox 389 2585 472 2658; x_wconf 76' lang='lat' dir='ltr'>cum</span> <span class='ocrx_word' id='word_1_138' title='bbox 489 2581 595 2660; x_wconf 78' lang='lat' dir='ltr'>fatear</span> <span class='ocrx_word' id='word_1_139' title='bbox 611 2581 775 2680; x_wconf 74' lang='lat' dir='ltr'>quadam</span> <span class='ocrx_word' id='word_1_140' title='bbox 790 2579 999 2679; x_wconf 86' lang='lat' dir='ltr'>eloquentiae</span> <span class='ocrx_word' id='word_1_141' title='bbox 1016 2599 1154 2676; x_wconf 85' lang='lat' dir='ltr'>eorum,</span> <span class='ocrx_word' id='word_1_142' title='bbox 1181 2603 1225 2667; x_wconf 85' lang='lat' dir='ltr'>ut</span> 
     </span>
     <span class='ocr_line' id='line_1_20' title="bbox 232 2698 1049 2795; baseline -0.013 -9"><span class='ocrx_word' id='word_1_143' title='bbox 232 2705 387 2786; x_wconf 87' lang='lat' dir='ltr'>nascenti</span> <span class='ocrx_word' id='word_1_144' title='bbox 403 2707 532 2795; x_wconf 90' lang='lat' dir='ltr'>adhuc,</span> <span class='ocrx_word' id='word_1_145' title='bbox 550 2728 616 2783; x_wconf 83' lang='lat' dir='ltr'>nec</span> <span class='ocrx_word' id='word_1_146' title='bbox 632 2701 708 2782; x_wconf 88' lang='lat' dir='ltr'>satis</span> <span class='ocrx_word' id='word_1_147' title='bbox 733 2701 874 2791; x_wconf 84' lang='lat' dir='ltr'>adultae,</span> <span class='ocrx_word' id='word_1_148' title='bbox 893 2698 1049 2775; x_wconf 80' lang='lat' dir='ltr'>defuisse.</span> 
     </span>
    </p>

    <p class='ocr_par' dir='ltr' id='par_1_5' title="bbox 132 2821 1227 3905">
     <span class='ocr_line' id='line_1_21' title="bbox 281 2821 1221 2924; baseline -0.014 -18"><span class='ocrx_word' id='word_1_149' title='bbox 281 2830 418 2906; x_wconf 88' lang='lat' dir='ltr'><strong>XXVI.</strong></span> <span class='ocrx_word' id='word_1_150' title='bbox 444 2828 642 2901; x_wconf 63' lang='lat' dir='ltr'>cirinen</span> <span class='ocrx_word' id='word_1_151' title='bbox 657 2826 694 2915; x_wconf 89' lang='lat' dir='ltr'>sr,</span> <span class='ocrx_word' id='word_1_152' title='bbox 713 2822 837 2900; x_wconf 87' lang='lat' dir='ltr'>orniffo</span> <span class='ocrx_word' id='word_1_153' title='bbox 849 2821 985 2919; x_wconf 84' lang='lat' dir='ltr'>optimo</span> <span class='ocrx_word' id='word_1_154' title='bbox 1001 2822 1075 2914; x_wconf 91' lang='lat' dir='ltr'>illo,</span> <span class='ocrx_word' id='word_1_155' title='bbox 1090 2828 1123 2899; x_wconf 76' lang='grc' dir='ltr'>δι</span> <span class='ocrx_word' id='word_1_156' title='bbox 1142 2852 1221 2924; x_wconf 86' lang='lat' dir='ltr'>per.</span> 
     </span>
     <span class='ocr_line' id='line_1_22' title="bbox 132 2929 1224 3048; baseline -0.003 -20"><span class='ocrx_word' id='word_1_157' title='bbox 132 2929 135 2948; x_wconf 57' lang='grc'><em>’</em></span> <span class='ocrx_word' id='word_1_158' title='bbox 233 2952 415 3028; x_wconf 71' lang='lat' dir='ltr'>fectiffimo</span> <span class='ocrx_word' id='word_1_159' title='bbox 444 2973 570 3048; x_wconf 86' lang='lat' dir='ltr'>genere</span> <span class='ocrx_word' id='word_1_160' title='bbox 595 2945 817 3045; x_wconf 82' lang='lat' dir='ltr'>eloquentiae,</span> <span class='ocrx_word' id='word_1_161' title='bbox 851 2943 1016 3044; x_wconf 86' lang='lat' dir='ltr'>eligenda</span> <span class='ocrx_word' id='word_1_162' title='bbox 1043 2949 1082 3024; x_wconf 88' lang='lat' dir='ltr'>srt</span> <span class='ocrx_word' id='word_1_163' title='bbox 1110 2945 1224 3025; x_wconf 82' lang='lat' dir='ltr'>forma</span> 
     </span>
     <span class='ocr_line' id='line_1_23' title="bbox 186 3047 1224 3165; baseline 0.001 -19"><span class='ocrx_word' id='word_1_164' title='bbox 186 3047 190 3057; x_wconf 21' lang='lat' dir='ltr'>s</span> <span class='ocrx_word' id='word_1_165' title='bbox 233 3073 390 3160; x_wconf 87' lang='lat' dir='ltr'>dicendi,</span> <span class='ocrx_word' id='word_1_166' title='bbox 416 3070 539 3146; x_wconf 87' lang='lat' dir='ltr'>malim</span> <span class='ocrx_word' id='word_1_167' title='bbox 555 3069 697 3143; x_wconf 87' lang='lat' dir='ltr'>hercule</span> <span class='ocrx_word' id='word_1_168' title='bbox 719 3068 761 3143; x_wconf 90' lang='lat' dir='ltr'>C.</span> <span class='ocrx_word' id='word_1_169' title='bbox 780 3066 933 3143; x_wconf 86' lang='lat' dir='ltr'>Gracchi</span> <span class='ocrx_word' id='word_1_170' title='bbox 949 3065 1138 3165; x_wconf 82' lang='lat' dir='ltr'>impetunt,</span> <span class='ocrx_word' id='word_1_171' title='bbox 1162 3090 1224 3149; x_wconf 86' lang='lat' dir='ltr'>aut</span> 
     </span>
     <span class='ocr_line' id='line_1_24' title="bbox 232 3186 1223 3287; baseline -0.004 -20"><span class='ocrx_word' id='word_1_172' title='bbox 232 3197 281 3267; x_wconf 88' lang='lat' dir='ltr'>L.</span> <span class='ocrx_word' id='word_1_173' title='bbox 297 3191 404 3268; x_wconf 87' lang='lat' dir='ltr'>Cralli</span> <span class='ocrx_word' id='word_1_174' title='bbox 418 3191 665 3280; x_wconf 86' lang='lat' dir='ltr'>maturitatem,</span> <span class='ocrx_word' id='word_1_175' title='bbox 689 3189 797 3287; x_wconf 72' lang='lat' dir='ltr'>quim</span> <span class='ocrx_word' id='word_1_176' title='bbox 814 3186 1026 3263; x_wconf 85' lang='lat' dir='ltr'>calamistros</span> <span class='ocrx_word' id='word_1_177' title='bbox 1042 3191 1223 3271; x_wconf 78' lang='lat' dir='ltr'>Maecena·</span> 
     </span>
     <span class='ocr_line' id='line_1_25' title="bbox 233 3308 1223 3402; baseline -0.001 -17"><span class='ocrx_word' id='word_1_178' title='bbox 233 3313 291 3402; x_wconf 83' lang='lat' dir='ltr'>ris,</span> <span class='ocrx_word' id='word_1_179' title='bbox 306 3335 364 3386; x_wconf 88' lang='lat' dir='ltr'>aut</span> <span class='ocrx_word' id='word_1_180' title='bbox 376 3314 522 3388; x_wconf 88' lang='lat' dir='ltr'>tinnitus</span> <span class='ocrx_word' id='word_1_181' title='bbox 532 3311 722 3395; x_wconf 85' lang='lat' dir='ltr'>Gallionis:</span> <span class='ocrx_word' id='word_1_182' title='bbox 742 3312 830 3387; x_wconf 71' lang='lat' dir='ltr'>adel&gt;</span> <span class='ocrx_word' id='word_1_183' title='bbox 847 3309 971 3387; x_wconf 86' lang='lat' dir='ltr'>melius</span> <span class='ocrx_word' id='word_1_184' title='bbox 983 3308 1033 3387; x_wconf 88' lang='lat' dir='ltr'>est</span> <span class='ocrx_word' id='word_1_185' title='bbox 1048 3330 1223 3384; x_wconf 88' lang='lat' dir='ltr'>oratorem</span> 
     </span>
     <span class='ocr_line' id='line_1_26' title="bbox 237 3426 1222 3532; baseline -0.013 -21"><span class='ocrx_word' id='word_1_186' title='bbox 237 3436 294 3511; x_wconf 89' lang='lat' dir='ltr'>vel</span> <span class='ocrx_word' id='word_1_187' title='bbox 322 3432 413 3505; x_wconf 71' lang='lat' dir='ltr'>hirtl</span> <span class='ocrx_word' id='word_1_188' title='bbox 431 3438 514 3532; x_wconf 71' lang='lat' dir='ltr'>toga</span> <span class='ocrx_word' id='word_1_189' title='bbox 532 3435 690 3525; x_wconf 89' lang='lat' dir='ltr'>induere,</span> <span class='ocrx_word' id='word_1_190' title='bbox 721 3433 831 3531; x_wconf 71' lang='lat' dir='ltr'>quim</span> <span class='ocrx_word' id='word_1_191' title='bbox 858 3431 984 3509; x_wconf 89' lang='lat' dir='ltr'>fucatis</span> <span class='ocrx_word' id='word_1_192' title='bbox 1012 3436 1046 3505; x_wconf 77' lang='grc' dir='ltr'>δι</span> <span class='ocrx_word' id='word_1_193' title='bbox 1064 3426 1222 3504; x_wconf 78' lang='lat' dir='ltr'>meretri·¹</span> 
     </span>
     <span class='ocr_line' id='line_1_27' title="bbox 234 3547 1223 3654; baseline -0.013 -20"><span class='ocrx_word' id='word_1_194' title='bbox 234 3556 295 3634; x_wconf 90' lang='lat' dir='ltr'>ciis</span> <span class='ocrx_word' id='word_1_195' title='bbox 318 3553 468 3631; x_wconf 82' lang='lat' dir='ltr'>vestibus</span> <span class='ocrx_word' id='word_1_196' title='bbox 486 3556 657 3654; x_wconf 80' lang='lat' dir='ltr'>insignire.</span> <span class='ocrx_word' id='word_1_197' title='bbox 707 3556 835 3653; x_wconf 88' lang='lat' dir='ltr'>Neque</span> <span class='ocrx_word' id='word_1_198' title='bbox 855 3553 952 3628; x_wconf 85' lang='lat' dir='ltr'>enim</span> <span class='ocrx_word' id='word_1_199' title='bbox 968 3549 1130 3627; x_wconf 88' lang='lat' dir='ltr'>oratorius</span> <span class='ocrx_word' id='word_1_200' title='bbox 1143 3547 1223 3641; x_wconf 90' lang='lat' dir='ltr'>iste,</span> 
     </span>
     <span class='ocr_line' id='line_1_28' title="bbox 236 3671 1226 3774; baseline -0.01 -19"><span class='ocrx_word' id='word_1_201' title='bbox 236 3681 362 3768; x_wconf 85' lang='lat' dir='ltr'>immo,</span> <span class='ocrx_word' id='word_1_202' title='bbox 389 3676 544 3765; x_wconf 89' lang='lat' dir='ltr'>hercule,</span> <span class='ocrx_word' id='word_1_203' title='bbox 571 3703 614 3750; x_wconf 91' lang='lat' dir='ltr'>ne</span> <span class='ocrx_word' id='word_1_204' title='bbox 636 3675 743 3751; x_wconf 88' lang='lat' dir='ltr'>virilis</span> <span class='ocrx_word' id='word_1_205' title='bbox 760 3675 906 3774; x_wconf 86' lang='lat' dir='ltr'>quidem</span> <span class='ocrx_word' id='word_1_206' title='bbox 927 3676 1042 3752; x_wconf 86' lang='lat' dir='ltr'>cultus</span> <span class='ocrx_word' id='word_1_207' title='bbox 1058 3671 1122 3762; x_wconf 86' lang='lat' dir='ltr'>est,</span> <span class='ocrx_word' id='word_1_208' title='bbox 1149 3695 1226 3768; x_wconf 86' lang='lat' dir='ltr'>quo</span> 
     </span>
     <span class='ocr_line' id='line_1_29' title="bbox 233 3797 1227 3905; baseline -0.002 -28"><span class='ocrx_word' id='word_1_209' title='bbox 233 3800 391 3905; x_wconf 82' lang='lat' dir='ltr'>plerique</span> <span class='ocrx_word' id='word_1_210' title='bbox 407 3819 607 3900; x_wconf 83' lang='lat' dir='ltr'>temporum</span> <span class='ocrx_word' id='word_1_211' title='bbox 626 3798 822 3899; x_wconf 85' lang='lat' dir='ltr'>nostrorum</span> <span class='ocrx_word' id='word_1_212' title='bbox 839 3798 978 3892; x_wconf 71' lang='lat' dir='ltr'>[astores</span> <span class='ocrx_word' id='word_1_213' title='bbox 1001 3797 1048 3877; x_wconf 82' lang='lat' dir='ltr'>ita</span> <span class='ocrx_word' id='word_1_214' title='bbox 1063 3813 1227 3892; x_wconf 67' lang='lat' dir='ltr'>utuntur,</span> 
     </span>
    </p>
   </div>
   <div class='ocr_carea' id='block_1_3' title="bbox 0 0 1380 4710">
    <p class='ocr_par' dir='ltr' id='par_1_6' title="bbox 0 0 1380 4710">
     <span class='ocr_line' id='line_1_30' title="bbox 0 0 1380 4710; baseline 0 1"><span class='ocrx_word' id='word_1_215' title='bbox 0 0 1380 4710; x_wconf 95' lang='lat' dir='ltr'> </span> 
     </span>
    </p>
   </div>
  </div>
 </body>
</html>
