2844 4704
365 369 758 465 Hirrontnnunr
794 375 904 453 Lis.
945 364 991 453 II.
1114 408 1159 487 99

170 539 259 627 lesia
290 570 350 626 aut
381 574 459 626 aevo
486 555 584 627 fluxa
609 552 768 626 cominus
792 550 961 651 adgredit
994 550 1159 649 ingerunt

171 673 317 771 desuper
343 673 534 748 Othoniani
569 673 655 770 pila,
691 672 817 746 librato
850 671 963 770 magis
996 675 1028 743 δι
1065 662 1159 746 certo

172 795 256 884 isin,
285 790 449 868 adversus
471 811 602 893 temere
619 792 804 867 subeuntes
830 793 989 865 cohortes
1013 792 1158 865 Germa-

173 940 314 1005 norum,
340 934 443 989 cantu
461 914 577 1019 truci,
603 921 637 987 &
668 938 766 987 more
794 912 931 1010 patri0,
955 912 1057 985 nudis
1085 934 1166 985 cor·-

174 1036 331 1134 poribus,
349 1035 450 1133 supet
465 1037 628 1110 humelos
645 1035 738 1108 scuta
751 1032 991 1131 quatientium.
1028 1031 1161 1130 Legio·

175 1157 305 1248 narius,
336 1157 461 1254 pluteis
486 1156 693 1253 &cratibus
719 1155 840 1245 tesius,
869 1152 1003 1227 subruit
1027 1177 1160 1256 muros,

174 1277 314 1350 instruit
338 1295 519 1375 aggerem,
547 1277 831 1373 molitur-portas.
882 1263 1011 1347 Conttl
1037 1294 1161 1371 praeto·

177 1397 266 1469 riani
282 1395 461 1493 dispositos
477 1398 519 1469 ad
538 1396 573 1468 id
595 1396 708 1493 ipsum
734 1397 893 1483 molares,
920 1395 1052 1494 ingenti
1072 1420 1159 1493 pon·

176 1519 260 1590 dete
275 1543 315 1590 ac
332 1517 481 1617 fragore,
501 1520 735 1615 provolvunt:
763 1542 839 1614 pars
859 1515 1079 1588 subeuntium
1098 1516 1162 1588 ob-

176 1639 245 1712 ruti
262 1667 270 1712 :
286 1648 364 1736 pars
380 1639 525 1730 confixi,
541 1644 574 1711 δι
585 1638 789 1737 exsangues,
801 1656 859 1709 aut
875 1634 992 1725 laceri,
1006 1637 1088 1708 cum
1100 1659 1160 1708 au-

177 1780 272 1859 geret
299 1760 447 1859 stragem
462 1757 662 1858 trepidatiO,
691 1760 806 1856 estque
823 1758 933 1831 acrius
950 1782 970 1830 e
987 1757 1164 1831 moenibus

177 1883 456 1970 vulnerarentur,
476 1880 621 1970 redisre,
643 1879 788 1953 instas&
805 1877 953 1976 partium
970 1876 1073 1952 sams.
1116 1880 1164 1951 Et
1280 1919 1286 1937 ι

178 2001 333 2091 Caeeina,
359 2003 492 2097 pudore
517 2020 642 2099 coeptae
660 2017 789 2073 temere
805 2000 1092 2098 oppugnationis,
1119 2025 1164 2074 ne

177 2121 299 2195 inrisus
328 2148 368 2197 ae
386 2149 496 2197 vanus
524 2122 647 2195 iisdem
671 2121 788 2195 castris
810 2122 992 2210 adfideret,
1022 2118 1163 2218 trajesto

175 2240 284 2318 rursus
297 2246 409 2335 Pado,
426 2245 638 2318 Cremonam
652 2264 768 2340 petere
779 2241 936 2314 intendit.
972 2240 1163 2314 Tradidsre

176 2362 242 2437 sese
270 2365 413 2440 abeunti
428 2363 614 2438 Turullius
637 2362 789 2453 Cerialis,
815 2384 898 2436 cum
924 2339 1163 2458 compluribus

178 2486 332 2577 classicis,
364 2491 398 2560 ὃς
424 2484 540 2582 julius
563 2483 795 2582 Briganticus,
821 2507 904 2556 cum
925 2481 1043 2579 paucis
1065 2482 1165 2580 equi-

66 2635 69 2645 *
176 2625 277 2681 tum:
305 2607 362 2682 hic
387 2605 568 2705 praesesbts
593 2608 671 2697 alae,
701 2604 737 2678 in
763 2603 898 2679 Batavis
925 2601 1083 2702 genitus3
1106 2601 1165 2676 ille

182 2726 414 2824 primipilaris,
427 2733 460 2801 δι
476 2728 626 2801 Caecinae
641 2728 735 2800 haud
752 2726 896 2816 alienus,
911 2723 1007 2823 quod
1025 2724 1164 2799 ordines

181 2845 219 2918 in
236 2846 427 2920 Germanii
447 2848 605 2921 duxerat.

230 2968 370 3041 XXIII.
396 2968 616 3061 Snuntuun,
642 2987 822 3067 comperto
851 2967 972 3046 itinere
996 2967 1162 3058 hostium,

179 3085 356 3162 defensam
374 3089 601 3181 Placentiam,
636 3116 785 3189 quaeque
807 3093 896 3182 atta,
926 3091 1063 3188 &quid
1084 3091 1162 3164 Cae·

177 3209 257 3282 cina
285 3231 431 3307 pararet,
460 3211 621 3286 Annium
651 3214 808 3308 Gallumx
820 3237 881 3310 per
908 3210 1020 3285 literas
1049 3212 1164 3286 docet.

178 3331 301 3404 Gallus
330 3331 507 3429 legionem
538 3333 689 3430 primam
719 3333 754 3406 in
784 3334 953 3407 auxilium
982 3334 1167 3410 Placentiae

178 3451 346 3543 ducebat,
375 3450 514 3527 diffisus
529 3453 702 3551 paucitate
719 3455 929 3544 cohortium,
958 3480 1002 3529 ne
1026 3456 1165 3555 longius
1244 3496 1250 3516 κ

178 3556 368 3663 obsidium,
395 3576 429 3646 δι
446 3564 521 3647 siim
547 3574 747 3648 Germanici
769 3576 938 3648 exercitiis
963 3600 1086 3673 patum
1110 3599 1164 3648 to·

182 3691 354 3767 letarent:
385 3694 447 3769 ubi
475 3694 612 3792 pulsum
644 3694 823 3770 Caecinam
852 3721 993 3795 pergere
1020 3698 1163 3769 Cremo·

183 3836 266 3887 nam
280 3814 428 3914 accepit,
455 3797 553 3913 agr&
576 3814 762 3890 co'e'rcita‘m
787 3816 976 3913 legionem,
1010 3807 1044 3886 a
1073 3839 1166 3912 pug-

617 3936 767 4046 Ha!
