2766 4658
280 343 1026 421 Dtrysosusnnwomonnuss
1104 372 1126 443 9
1210 446 1214 465 Ι

158 512 316 593 defendi:
348 520 405 593 sed
429 523 462 591 δι
493 518 603 615 ipsum
627 517 737 590 solum
759 519 851 614 apud
878 543 941 589 vos
971 540 1127 614 arguam,

162 637 257 734 quod
277 662 375 713 natus
399 641 443 712 ad
468 637 700 734 eloquentiam
716 637 851 708 virilem
877 637 913 705 &
931 635 1127 723 oratoriam,

160 762 230 852 qula
248 778 364 854 parare
388 761 484 831 simul
503 763 534 830 δε
553 757 639 830 tueri
665 755 844 844 amicitias,
872 753 1053 827 adsciscere
1069 780 1129 826 na·

161 877 282 968 tiones,
316 879 503 976 compleeli
535 876 724 973 provincias
760 877 872 972 possit,
907 873 1032 945 amittit
1060 874 1129 946 stu·
1226 959 1228 963 .

158 999 270 1087 dium,
298 1024 369 1096 quo
395 1025 466 1070 non
486 998 584 1068 aliud
617 997 651 1069 in
681 995 819 1069 civitate
854 995 966 1065 nostrfi
995 995 1051 1066 vel
1084 995 1129 1066 ad

160 1118 342 1190 utilitatem
383 1116 598 1205 fructuosius,
637 1118 691 1188 vel
732 1117 776 1188 ad
817 1113 1021 1212 dignitatem
1053 1140 1128 1187 am·

161 1239 265 1333 plius,
299 1239 355 1308 vel
388 1237 570 1332 adUrbis
603 1236 731 1308 samam
764 1235 959 1332 pulchrius,
997 1236 1051 1307 vel
1084 1236 1127 1308 ad

161 1356 265 1429 totius
292 1357 426 1453 imperii
455 1379 558 1454 atque
591 1356 749 1429 omnium
785 1354 941 1452 gentium
970 1353 1129 1428 notitiam

162 1475 334 1549 inlustrius
363 1477 551 1575 excogitari
581 1476 702 1573 potest.
761 1478 856 1548 Nam
892 1479 913 1547 sr
939 1475 984 1547 ad
1005 1474 1130 1547 utilita-

158 1615 230 1668 tem
248 1595 327 1669 vitae
351 1597 468 1670 omnia
487 1579 625 1670 consilia
652 1595 812 1692 sociaque
840 1594 954 1667 nostra
977 1594 1128 1692 dirigen-

160 1717 206 1789 da
233 1714 323 1806 sunt,
359 1716 443 1814 quid
468 1717 532 1789 erit
564 1715 682 1803 totius,
725 1716 831 1812 quam
862 1740 939 1787 etun
972 1739 1130 1788 exercere

158 1857 280 1925 artem,
324 1841 391 1933 qus
423 1835 554 1932 semper
587 1855 737 1907 armatus
770 1835 962 1931 praesidium
997 1834 1130 1922 amicis,

158 1983 262 2053 opem
279 1955 411 2044 alienis,
441 1955 582 2029 salutem
599 1955 880 2052 periclitantibus,
907 1954 1031 2027 invidis
1046 1955 1130 2028 vero
1233 2035 1236 2040 ,

158 2076 372 2150 &inimicis
397 2096 530 2148 metum
555 2080 589 2149 δι
620 2095 784 2147 terrorem
815 2077 903 2147 ultro
936 2077 1035 2162 feras,
1061 2075 1130 2172 ipse

89 2192 92 2202 ¹
157 2195 304 2285 securus,
335 2201 369 2270 &
408 2197 503 2268 velut
537 2196 689 2292 quddam
723 2197 884 2289 perpetua
916 2195 1064 2289 potentia
1089 2220 1130 2268 ac

157 2317 321 2415 potestate
358 2316 539 2387 munitus?
577 2313 673 2413 cujus
705 2315 757 2386 vis
791 2319 824 2387 ὅτ
856 2313 997 2401 utilitas,
1030 2317 1131 2386 rebus

161 2434 319 2532 prospere
344 2434 541 2522 fluentibus,
564 2435 709 2508 aliorum
727 2433 882 2531 praesrdio
902 2439 934 2506 δι
954 2436 1059 2507 tuteld
1076 2433 1129 2506 in·

159 2553 351 2652 telligitur:
373 2557 419 2625 sin
437 2554 617 2650 proprium
636 2554 830 2652 periculum
847 2553 1033 2650 increpuit,
1058 2579 1131 2625 non

160 2675 298 2745 hercule
320 2673 438 2762 lorica,
463 2693 523 2747 aut
544 2674 679 2770 gladius
705 2674 738 2745 in
764 2675 836 2748 acie
861 2674 991 2746 firmius
1015 2673 1129 2746 muni·

158 2812 330 2881 mentum,
349 2794 455 2888 quim
474 2798 579 2865 reo&
597 2794 801 2889 periclitanti
818 2794 1028 2892 eloquentia,
1043 2820 1130 2890 prae·

160 2913 283 2987 sidium
312 2915 409 2986 simul
438 2916 471 2985 &
500 2915 622 3002 telum,
647 2938 717 3010 quo
743 2939 962 3012 propugnare
990 2912 1129 3010 pariter,

158 3040 192 3108 ὃς
211 3034 382 3121 incessere,
396 3035 451 3105 vel
467 3031 660 3130 injudicio,
676 3037 749 3106 five.
760 3033 794 3104 in
811 3032 942 3122 senatu,
958 3037 1024 3106 sive
1036 3015 1130 3131 apud

157 3153 358 3249 Principem
388 3155 498 3247 possis.
562 3152 660 3251 Qrid
689 3153 782 3226 aliud
814 3150 947 3224 infestis·
979 3153 1135 3249 patribus

157 3297 269 3370 nuper
287 3273 413 3369 Eprius
431 3275 632 3362 Marcellus,
652 3274 758 3370 quam
784 3271 1015 3367 eloquentiam
1034 3273 1130 3346 suam

158 3391 345 3489 opposuit?
373 3393 434 3491 qui
462 3393 685 3466 accindus&
717 3392 849 3480 minax,
872 3389 1029 3465 disertam
1053 3395 1129 3490 qui-

158 3513 255 3602 dem,
282 3511 338 3586 sed
363 3511 636 3601 inexercitatam,
668 3508 885 3607 &ejusmodi
905 3512 1129 3585 certaminum

159 3632 281 3707 rudem
299 3633 459 3709 Helvidii
485 3630 683 3731 sapientiam
709 3632 814 3703 elusit.
865 3632 968 3739 Plura
990 3635 1034 3707 de
1061 3631 1127 3702 uti-
