2766 4658
1127 382 1150 461 3

182 529 250 625 rit,
287 532 441 639 aperiat.
497 529 631 612 XXV.
660 530 813 639 Mefflila
844 532 1005 644 quondam
1030 531 1147 615 tamen
1181 545 1182 549 ’

183 661 226 742 de
242 664 465 773 antiquorum
482 663 631 757 nomine,
645 665 688 743 δέ
695 663 837 770 judicia
851 665 892 745 de
911 667 1039 761 Calvo,
1058 667 1150 771 Ast.

99 864 102 871 ,
183 794 254 889 nio,
271 798 426 904 Castore,
449 793 571 891 Coelio,
592 799 723 890 Bruto,
746 797 925 892 Cicerone,
946 804 1145 880 retractae.

183 927 340 1011 xxvl.
377 931 424 1008 a.
463 928 685 1021 creceium,
724 930 776 1008 L.
814 906 976 1036 confflem
1012 928 1150 1012 nudae.

183 1057 544 1167 Macenatemvero,
572 1062 765 1139 Gallionem
797 1061 839 1138 ὅ
861 1061 1017 1165 Caffium.
1037 1064 1150 1141 Seve-

188 1218 269 1270 rum
298 1190 537 1298 reprehendit.
593 1193 766 1272 XXVII.
805 1191 991 1299 Meffalam
1018 1193 1152 1300 longius
1211 1275 1218 1291 .

186 1339 381 1428 vagantem
415 1321 467 1401 ad
495 1326 710 1433 proposttum
747 1324 906 1403 retrahit
938 1327 1149 1406 Maternus.

186 1455 384 1558 XXVIII.
415 1459 548 1566 Caustis
564 1485 646 1562 ergo
665 1482 730 1534 cur
751 1455 943 1564 eloquentia
961 1473 1153 1567 ceteraque

190 1605 292 1666 artes
316 1617 341 1666 a
359 1607 479 1670 vetere
492 1589 610 1695 glorid
629 1586 839 1698 desciverint
856 1586 966 1694 offert
985 1587 1152 1695 Meffala,

145 1784 147 1788 ,
185 1718 345 1825 defidiam
357 1720 580 1826 juventutis,
600 1719 848 1827 negligentiam
858 1736 1067 1831 parentum,
1092 1721 1154 1801 in..

171 1851 362 1960 seientiam
371 1851 669 1966 precipientium,
689 1850 947 1931 &oblivionem
964 1854 1070 1933 moris
1087 1881 1154 1932 an·

184 1983 290 2093 tiqui.
348 1983 543 2065 XXXIII.
572 1988 673 2063 Hac
691 1983 767 2064 cum
781 1984 961 2063 evolveret
985 1983 1152 2093 Meffala,

183 2145 261 2196 eum
277 2117 495 2225 restitantem
507 2115 657 2224 impellit
674 2117 885 2207 Maternus,
905 2133 946 2196 ut
957 2118 1154 2225 prostqua-

183 2250 261 2344 tur,
279 2248 512 2359 &quomodo
537 2267 674 2328 veteres
686 2244 829 2352 ingenia
852 2237 1002 2339 alerent,
1021 2246 1154 2329 doceat.

186 2379 386 2461 XXXIV.
415 2378 568 2489 Meffiila
586 2377 720 2459 veteris
732 2376 911 2482 juvenum
927 2374 1155 2484 institutionis

187 2528 287 2592 ortes
303 2511 469 2621 explicat.
528 2495 704 2593 XXXV.
726 2509 946 2591 Recentiorii
969 2509 1065 2591 vitia
1091 2539 1154 2589 re-

186 2643 290 2748 tegit.
345 2645 537 2728 XXXVI.
566 2646 656 2751 Ipsd
679 2660 873 2751 temporum
884 2641 1156 2748 perturbatione

133 2830 136 2839 ,
187 2772 229 2854 Id
245 2775 402 2870 lieentid,
431 2776 506 2860 eum
532 2774 673 2881 vigeret
697 2774 901 2887 respublica,
929 2774 1156 2883 eloquentiam
1274 2786 1278 2797 “

188 2904 270 2985 olim
293 2907 398 2987 valui
419 2937 449 2988 e.
507 2905 722 2987 XXXVII.
745 2907 797 2985 Iis
814 2904 1026 3014 temporibus
1040 2907 1154 2988 nemi·

186 3066 264 3118 nem
278 3067 443 3146 magnam
448 3038 645 3148 potentiam
648 3041 732 3146 stne
745 3038 938 3148 eloquentid
941 3038 1013 3145 sni
1034 3070 1052 3119 e
1069 3069 1155 3120 con-

172 3172 351 3286 stcutum.
407 3173 634 3256 XXXVIII.
649 3172 720 3252 Cn.
740 3169 942 3283 Pompeium
953 3171 1157 3280 eloquentia

185 3303 343 3412 nocuiffl,
367 3305 444 3384 cum
462 3333 536 3383 eam
560 3300 767 3409 adstrinxit,
784 3302 976 3410 frenosque
993 3303 1028 3381 ei
1041 3302 1149 3413 impe.

174 3435 272 3548 stiit.
327 3437 527 3517 XXXIX.
561 3435 670 3513 Immo
696 3431 774 3543 ipſss
804 3449 984 3515 oratorum
1002 3436 1158 3543 paruulis

173 3567 345 3671 frollam
358 3568 542 3677 eamfieiffe
556 3563 596 3647 v
609 3562 787 3671 dejeltam
805 3559 1031 3679 quodpompd
1037 3569 1152 3679 plau·

173 3698 294 3811 stoque
311 3696 483 3811 indigeat.
540 3699 631 3781 XL.
654 3694 838 3778 Probitate
867 3726 998 3815 quoque
1023 3697 1064 3782 ἔθ’
1087 3728 1157 3779 mo·

578 3831 679 3917 'Be
774 3903 777 3908 .
890 3835 916 3899 Ὗ
