2752 4710
199 350 277 437 ,18
437 337 1002 423 C.Connanr,rTnerrr

187 557 191 569 =
237 520 333 595 Haec
359 518 567 617 eloquentia
584 515 785 618 primordia,
814 516 889 591 haec
907 512 1118 615 penetralia:
1142 512 1218 593 hoc

236 639 390 737 primirm
407 637 529 713 habitu
546 640 710 735 cultuque
727 639 916 713 commoda
932 637 1149 728 mortalibus,
1176 637 1216 712 in

210 811 214 820 -
236 760 296 835 illa
311 758 416 855 casta,
434 763 468 833 ἃ
481 758 584 832 nullis
599 760 759 834 contada
776 758 876 848 vitiis,
892 760 1033 856 pedora
1049 757 1214 834 influxit:
1296 826 1302 835 .

236 885 281 955 fic
297 880 435 977 oracula
451 881 695 977 loquebantur.
744 882 842 954 Nam
869 875 1007 952 lucrosa·
1033 877 1149 976 hujus,
1174 881 1217 952 δι

236 998 472 1100 sanguinantis
489 998 697 1098 eloquentiae
714 998 805 1091 usus,
823 1022 952 1089 recens,
970 999 1116 1072 &malis
1134 1025 1216 1073 mo·

234 1120 332 1195 ribus
349 1110 461 1210 natus,
480 1139 599 1217 atque,
620 1140 658 1193 ut
676 1139 714 1193 tu
727 1120 882 1209 dicebas,
909 1125 1019 1218 Aper,
1044 1118 1218 1196 inlocum

218 1240 297 1323 ,teli
325 1259 489 1337 repertus.
539 1239 704 1312 Ceterlim
732 1238 818 1314 felix
846 1240 948 1330 illud,
974 1246 1024 1331 &,
1050 1258 1088 1314 ut
1113 1238 1219 1316 'more

234 1360 353 1438 nostro
378 1360 516 1457 loquar,
540 1384 683 1431 aureum
709 1357 890 1451 saeculum,
917 1360 1148 1434 &oratorum
1177 1362 1219 1436 &

236 1480 424 1555 criminum
439 1477 555 1577 inops,
582 1477 694 1575 po'e'tis
711 1478 747 1550 δι
764 1480 901 1554 vatibus
917 1480 1130 1571 abundabat,
1154 1483 1218 1581 qui

236 1597 415 1675 benefacta
432 1618 606 1689 canerent,
630 1625 702 1672 non
730 1600 792 1698 qui
809 1600 899 1673 male
922 1599 1067 1675 admiffa
1094 1601 1217 1677 defen-

233 1722 367 1795 derent.
416 1722 495 1794 Nec
511 1700 589 1792 illlis
606 1738 665 1793 aut
681 1719 793 1818 gloria
809 1718 935 1819 major,
959 1742 1020 1794 aut
1040 1723 1219 1818 augustior

183 1900 186 1906 .
228 1841 373 1914 honor:
405 1839 557 1937 primirm
574 1840 669 1938 apud
686 1840 786 1932 deos,
817 1867 979 1939 quorum.
995 1839 1144 1940 prolerre
1160 1869 1218 1918 rc·

236 1957 368 2056 sponsa,
387 1960 422 2031 ἃ
441 1948 596 2033 inteieffe
611 1960 723 2058 epulis
738 1958 956 2035 ferebantur:
975 1961 1103 2036 deinde
1117 1965 1219 2062 apud

234 2077 312 2154 illos
328 2080 393 2154 diis
412 2080 546 2179 genitos
563 2078 738 2180 sacrosque
753 2105 863 2178 reges,
891 2079 982 2154 inter
997 2107 1084 2180 quos
1099 2083 1219 2157 nemi-

235 2226 318 2275 nem
335 2188 600 2292 caufidico'rum,
617 2201 674 2276 sed
689 2202 831 2299 Orphea
841 2227 881 2275 ac
897 2200 1043 2292 Linum,
1059 2225 1100 2274 ac
1119 2204 1142 2274 sr
1159 2201 1218 2274 in·

235 2320 529 2420 trospicerealtilss
541 2321 641 2414 velis,
653 2322 765 2420 ipsum
772 2321 972 2421 Apollinem
985 2320 1185 2417 accepimus
1204 2348 1217 2395 a

237 2445 308 2533 vel,
340 2444 454 2516 srhaec
472 2441 626 2517 fabulosa
641 2443 745 2517 nimis
762 2444 801 2516 δε
823 2445 1014 2542 composita
1037 2440 1219 2534 videntur,

236 2562 326 2637 illud
355 2562 447 2636 certe}
471 2558 558 2635 mihi
586 2563 764 2653 concedis,
794 2569 904 2662 Aper,
939 2588 1012 2636 non
1041 2559 1221 2637 minorem

236 2685 409 2758 honorem
427 2685 603 2772 Homero,
633 2684 741 2780 quam
755 2682 998 2773 Demostheni,
1025 2683 1120 2780 apud
1137 2682 1220 2781 pos·

233 2820 350 2878 terosz
382 2827 447 2877 nec
462 2801 716 2901 angustioribus
737 2803 892 2878 terminis
915 2803 1045 2878 famam
1075 2804 1220 2901 Euripi·

234 2925 303 3016 dis,
330 2946 389 2999 aut
417 2923 611 3021 Sophoclis,
641 2923 750 3021 qoam
778 2927 905 3020 Lysrae,
934 2944 994 2997 aut
1023 2921 1232 3021 Hyperidis*

234 3044 365 3119 includi
382 3074 391 3119 ε
425 3047 540 3143 plures
556 3043 662 3117 hodie
678 3043 838 3140 reperies,
866 3043 927 3142 qui
943 3043 1119 3117 Ciceronis
1137 3046 1220 3142 glo·

234 3165 338 3255 riam,
367 3167 477 3264 quam
510 3164 574 3264 qui
595 3163 731 3262 Virgilii
764 3165 966 3237 detreclent.
1016 3155 1096 3237 Nec
1124 3165 1219 3238 ullus

235 3282 344 3358 Afinii
372 3306 432 3359 aut
449 3287 605 3360 Meffalae
634 3285 719 3359 liber
742 3304 814 3358 tam
836 3283 984 3358 inlustris
1011 3284 1075 3381 est,
1104 3286 1217 3383 quam

235 3405 368 3479 Medea
384 3405 519 3497 Ovidii,
550 3425 609 3481 aut
626 3405 719 3479 Varii
735 3407 916 3503 Thyestes.

283 3525 385 3631 XIII.
411 3531 468 3600 Ac
493 3551 537 3599 ne
560 3525 734 3601 fortunam
747 3526 892 3624 quidem
906 3545 1040 3615 vatum,
1070 3525 1106 3597 ἃ
1123 3523 1218 3605 illud

234 3642 317 3729 felix
355 3645 638 3736 contubernium,
672 3641 873 3744 comparare
909 3647 1087 3720 timuerim
1130 3671 1220 3722 cum

234 3764 389 3866 inquieta
406 3762 444 3837 δι
459 3763 564 3838 anxie
589 3786 764 3841 oratorum
781 3767 873 3842 vird:
902 3766 984 3841 licet
1006 3766 1085 3855 illos
1105 3781 1220 3842 certa·
