2766 4658
237 390 239 397 ,
351 274 777 411 'Hrsronstsun
813 326 922 417 Lis.
959 326 1021 400 IV.
1095 349 1163 424 307

190 509 218 556 ‘2‘
234 499 280 575 ris
299 503 352 592 sit,
381 503 530 600 Belgas,
545 498 660 577 secum
678 502 812 596 palam,
836 520 899 575 aut
918 519 1002 573 voto
1026 499 1112 574 stare
1126 501 1164 573 :’'

188 622 301 700 Tutor
338 628 371 701 ‘5‘
398 620 617 705 cunslatione
649 620 798 696 crescere
831 646 904 694 rem
939 620 1163 705 Romanam?

186 742 391 831 affirmabat,
432 747 459 785 “
494 740 703 816 co'e'untibus
745 740 899 838 undique
943 737 1161 813 exercitibus.

187 868 215 904 “
232 861 480 939 Transveuam
508 889 528 936 e
553 862 727 936 Britannias
744 860 918 959 legionem
930 888 942 945 ;
968 857 1092 932 accitas
1116 883 1162 932 ex

187 990 215 1026 “
234 982 429 1080 Hispani&
471 984 658 1064 adventare
685 1007 729 1055 ex
758 981 879 1054 ltalifi:
917 1003 981 1052 nec
1010 977 1161 1054 subitum
1214 998 1216 1002 ’

186 1110 214 1147 “
232 1103 404 1193 militem,
416 1102 474 1179 sed
486 1125 654 1192 veterem,
668 1121 918 1198 expertumque
935 1099 1027 1174 belli.
1060 1099 1159 1189 Nam

185 1231 213 1273 “
230 1226 438 1314 Germanos,
468 1222 529 1320 qui
551 1226 596 1296 ab
619 1222 698 1324 ipsis
722 1221 907 1318 sperentur,
940 1246 1012 1293 non
1029 1215 1159 1315 juberi,

186 1351 214 1388 “
232 1369 304 1417 non
321 1343 408 1442 regi,
437 1342 493 1417 sed
520 1343 646 1416 cunsla
662 1366 707 1414 ex
728 1340 869 1415 libidine
886 1365 998 1438 agere.
1047 1340 1159 1417 Pecu-

186 1470 216 1507 “
233 1462 412 1562 uiamque,
448 1488 488 1537 ac
521 1464 627 1552 dona,
666 1463 745 1558 quis
774 1459 852 1535 solis
881 1450 1158 1556 corrumpantur,

184 1582 360 1682 “majora
387 1582 480 1680 apud
509 1587 712 1658 Romanos:
741 1585 773 1654 δι
803 1581 978 1667 neminem
1005 1579 1093 1653 adeo
1120 1580 1158 1654 in
1256 1581 1261 1591 ‘

80 1736 84 1743 ·
182 1711 323 1779 “arma
346 1729 511 1802 pronum,
550 1724 588 1777 ut
620 1728 691 1776 non
719 1702 813 1774 idem
840 1702 988 1798 pretium
1017 1701 1155 1799 quietiS,
1189 1694 1190 1697 ¹

182 1832 211 1869 “
230 1826 338 1923 quim
368 1823 525 1921 periculi,
553 1823 677 1897 malit:
710 1821 805 1919 quod
827 1822 979 1897 sistatim
1006 1848 1154 1921 congre·

130 2035 138 2052 ,
181 1951 209 1988 “
226 1945 377 2034 diantur,
418 1946 528 2037 nullas
544 1945 627 2025 effe
658 1941 797 2031 Ceriali,
833 1941 892 2016 nifi
925 1969 970 2017 ex
1004 1943 1156 2042 reliquiis

181 2065 425 2142 “Germanici
454 2065 637 2155 exercitus,
663 2062 829 2161 legiones,
855 2061 1047 2138 soederibus
1064 2066 1154 2137 ¹Gal·

179 2192 207 2241 ‘·‘
223 2184 346 2262 liarum
375 2185 567 2261 obstrictas.
617 2185 729 2280 quue
756 2181 882 2279 ipsum,
912 2182 1009 2280 quod
1033 2182 1155 2257 incon·

178 2311 205 2349 “
222 2305 332 2381 diram
365 2331 476 2403 nuper
516 2303 689 2378 Valentini
728 2327 872 2376 manum
904 2321 1022 2407 contra
1055 2301 1154 2398 spem

178 2430 206 2465 “
223 2423 318 2500 suam
346 2423 511 2515 fuderint,
540 2425 746 2502 alimentum
770 2421 837 2495 illis
865 2421 1017 2520 ducique
1044 2443 1154 2497 terne-

179 2550 206 2586 “
224 2544 339 2618 ritatis.
390 2544 543 2622 Ausuros
563 2543 688 2634 rursus,
706 2541 936 2641 venturosque
954 2541 993 2615 in
1014 2569 1154 2633 manus,

177 2669 295 2738 “non
320 2663 471 2760 imperiti
487 2664 743 2754 adolescentuli,
769 2666 877 2739 verba
900 2669 934 2737 δι
950 2664 1150 2755 conciones,

179 2786 206 2823 “
225 2783 333 2879 quim
350 2781 479 2856 serrum
506 2790 538 2856 δι
556 2809 650 2862 arma
667 2784 873 2874 meditantis,
899 2782 957 2856 sed
980 2783 1152 2889 Civilis&

178 2910 205 2961 ‘v‘
223 2903 380 2979 Classici:
408 2930 494 3002 quos
510 2905 571 2979 ubi
587 2905 794 3004 aspexerint,
820 2905 1007 2981 redituram
1025 2905 1060 2978 in
1076 2904 1151 2978 ani·
1198 2947 1201 2952 «

179 3029 209 3066 “
226 3048 302 3098 mos
318 3021 554 3117 formidinem,
573 3024 709 3125 sugam,
728 3027 940 3126 famemque,
967 3050 1008 3100 ac
1025 3024 1152 3098 totiens

177 3149 205 3187 “
223 3143 331 3241 captis
359 3146 547 3242 precariam
573 3148 704 3222 vitam:
739 3173 853 3245 neque
875 3148 1063 3238 Treveros,
1090 3165 1151 3220 ant

176 3270 204 3307 “
222 3263 403 3363 Lingonas
427 3267 679 3342 benevolentias.
695 3268 884 3342 contineri:
919 3265 1153 3364 resumpturos

98 3365 105 3391 ⁸
152 3390 203 3428 '·“
221 3410 331 3474 arma,
357 3385 417 3460 ubi
430 3406 541 3460 metus
558 3386 782 3462 abscesserit?
831 3386 981 3461 Diremit
993 3389 1149 3462 confilio-

175 3527 252 3578 nnn
287 3506 529 3595 diversitatem,
570 3509 760 3604 adprobati
791 3506 935 3583 Tutoris
965 3507 1146 3602 sententis,

176 3624 352 3720 Classicus,
374 3627 558 3736 statimque
574 3624 819 3724 exsequuntur.

632 3750 716 3829 Xa
769 3754 773 3764 '
