2766 4658
284 349 536 436 Drahonus
574 373 635 431 nc
672 350 1005 434 Onnrontnus.
1095 355 1143 458 3'9‘

161 533 219 609 vel
235 535 437 627 hominum,
456 536 513 610 vel
529 553 746 632 temporum,
774 530 849 607 satis
871 557 983 631 operae
997 528 1142 604 insumi·

160 675 239 753 tur:
265 654 324 732 sed
341 676 564 756 expetuntur,
592 680 680 753 quos
697 656 851 727 rhetoras
869 671 1021 726 vocant:
1049 675 1138 749 quo·

160 799 241 850 tum
258 776 413 876 professio
430 776 574 875 quando
591 771 745 873 primhm
762 774 798 847 in
817 774 906 846 hanc
928 760 1068 846 Urbem
1086 769 1140 842 in·

159 883 318 972 trodusia
331 899 382 990 srt,
400 893 581 995 quamque
597 895 729 969 nullam
739 896 839 992 apud¹
850 891 994 989 majores
1009 890 1143 966 nostro!
1229 940 1233 951 ·
1317 888 1318 902 ¹

159 1019 399 1093 nudioritatem
416 1016 589 1106 habuerit,
617 1010 730 1089 statim
747 1018 910 1087 docuero.

209 1140 333 1211 XXX.
360 1141 563 1211 Rarannrr
592 1137 723 1210 necesse
744 1134 794 1208 est
820 1135 976 1207 animum
998 1134 1042 1207 ad
1066 1156 1145 1207 eam

159 1251 391 1356 disciplinam,
420 1256 489 1357 qui
506 1255 583 1331 usos
601 1259 668 1331 esse
684 1283 742 1331 eos
761 1275 913 1329 oratores
929 1254 1142 1350 accepimus,

103 1398 110 1414 “
161 1404 312 1477 quorum
339 1378 493 1452 infinitus
522 1380 634 1469 labor,
658 1383 692 1452 δι
718 1375 924 1475 quotidiana
946 1374 1142 1466 meditatio,
1211 1467 1217 1481 ἱ

161 1499 251 1574 &in
277 1500 377 1586 omni
395 1525 521 1599 genere
538 1499 728 1573 studiorum
754 1480 1028 1586 exercitationes,
1053 1493 1143 1593 ipso·

160 1643 240 1694 rum
270 1620 374 1694 etiam
407 1605 626 1696 continentur
656 1620 761 1695 libris.
815 1621 934 1694 Notus
962 1617 1011 1693 est
1043 1615 1144 1691 nobis

159 1739 282 1840 utique
308 1739 485 1816 Ciceronis
505 1742 607 1835 liber,
633 1741 693 1841 qui
720 1743 848 1815 Brutus
873 1737 1079 1829 inscribitur,
1105 1737 1143 1811 in

85 1896 103 1956 g
160 1859 428 1962 cujusextremlt
451 1883 560 1962 parte,
589 1866 690 1961 (nam
717 1861 814 1961 prior
839 1858 1144 1951 commemoratio·

160 1979 243 2058 nem
256 1992 413 2060 veterum
432 2007 609 2060 oratorum
621 1983 745 2080 habet)
770 1982 828 2059 sua
840 1981 951 2070 initia,
970 1973 1046 2053 suos
1065 2005 1145 2079 gra·

160 2105 241 2196 dus,
269 2105 337 2180 suae
352 2102 561 2205 eloquentiae
584 2108 679 2181 velut
694 2104 884 2202 quamdam
901 2100 1146 2175 educationem

161 2226 288 2302 refert:
318 2224 351 2300 se
374 2227 469 2322 apud
497 2224 730 2320 QMucium
748 2221 806 2319 jus
830 2219 935 2293 civile
960 2220 1141 2305 didicisse;

159 2346 254 2442 apud
281 2342 467 2416 Philonem
501 2342 774 2430 Academicum,
815 2339 910 2438 apud
945 2339 1145 2412 Diodotum

160 2463 315 2538 Stoicum
348 2487 470 2536 omnes
494 2460 717 2560 philosophiae
747 2480 861 2560 partes
889 2460 1025 2560 penitus
1058 2462 1144 2532 hau·

159 2585 258 2668 sisse:
297 2608 411 2682 neque
437 2582 491 2655 his
516 2582 719 2671 dodoribus
746 2603 964 2672 contentum,
995 2608 1146 2679 quorum

89 2766 93 2805 Δ.
161 2703 314 2801 ei.copia
340 2703 376 2777 in
400 2705 502 2777 Urbe
526 2703 733 2802 contigerat,
756 2703 930 2778 Achaiam
949 2728 1092 2801 quoque
1110 2709 1144 2777 δε

161 2826 281 2900 Asiam
295 2826 498 2924 peragrasse,
517 2843 556 2898 ut
574 2849 718 2897 omnem
739 2823 898 2898 omniurn
915 2823 1145 2898 artiumvari·

161 2967 290 3020 etatem
318 2948 615 3045 complecteretur.
665 2948 788 3044 ltaque
816 2946 957 3020 hercule
985 2947 1021 3020 in
1050 2948 1145 3022 libris

160 3066 336 3143 Ciceronis
352 3068 613 3166 deprehendere
628 3066 722 3156 licet,
742 3091 812 3140 non
832 3068 1046 3166 geometria,
1073 3080 1145 3143 non

160 3191 313 3281 musrcae,
356 3214 427 3262 non
457 3189 706 3293 grammaticae,
746 3215 819 3261 non
850 3189 1004 3287 denique
1042 3190 1146 3265 ullius

161 3308 322 3409 ingenuae
339 3308 421 3383 artis
437 3306 613 3383 scientiam
640 3308 670 3383 ei
687 3309 842 3383 defuisse.
879 3312 943 3383 llle
955 3310 1145 3386 dialenicae

160 3428 398 3521 subtilitatem,
426 3429 483 3504 ille
500 3431 642 3505 moralis
660 3430 762 3528 partis
784 3431 981 3522 utilitatem,
1009 3432 1067 3508 ille
1093 3460 1146 3507 re·

51 3588 55 3591 <
163 3575 242 3622 rum
260 3571 375 3626 motus
391 3550 572 3650 causasque
595 3553 787 3651 cognovit:
814 3553 862 3625 ita
878 3553 973 3627 enim
991 3555 1053 3644 est,
1080 3581 1145 3651 op-

58 3678 64 3685 '
161 3668 239 3742 timi
258 3672 334 3763 viri,
362 3672 408 3746 ita
422 3698 467 3746 ex
479 3674 588 3746 multi
606 3672 812 3766 eruditione,
831 3701 875 3749 ex
895 3675 1053 3774 pluribus
1065 3675 1143 3747 arti-

164 3792 241 3881 bus,
267 3791 482 3868 &omnium
504 3819 619 3869 rerum
648 3793 798 3888 sciendi,
823 3797 1032 3871 exundat&
1060 3821 1146 3868 exu-

625 3916 661 3988 D
686 3942 710 4008 4
757 3939 761 3947 ¹
