2766 4658
304 334 1144 440 Drrroousnaom10mm47
1207 324 1212 331 ’

164 541 291 614 quam,
316 516 517 617 ingentibus
545 515 659 590 verbis
693 516 965 616 persequantur.
994 514 1078 591 clun
1101 516 1149 592 ad

168 664 266 712 veros
275 637 410 738 judices
427 659 570 712 ventum
587 639 651 728 est,
690 664 713 709 a
739 664 761 709 a
788 665 810 709 n
836 665 858 710 a
880 664 954 713 rem
976 637 1147 737 cogitare,

163 758 256 852 nihil
272 761 417 850 humile,
436 759 522 833 nihil
538 756 712 856 abjedum
729 759 846 857 eloqui
865 780 1009 857 poterat.

217 881 390 954 XXXVI.
428 883 588 952 Mrem
623 879 832 976 eloquentia,
875 883 959 954 srcut
991 882 1149 970 flamma,

169 1001 312 1075 materia
343 1000 459 1089 alitur,
496 1002 529 1072 δι
561 997 713 1072 motibus
740 999 922 1090 excitator,
954 1006 988 1075 &
1016 1002 1153 1076 urendo

170 1120 337 1195 clarescit.
387 1121 523 1192 Eadem
548 1117 636 1192 ratio
665 1117 701 1193 in
723 1119 838 1193 nostrai
854 1144 997 1218 quoque
1012 1122 1153 1198 civitate
1204 1199 1207 1207 ,

169 1241 393 1338 antiquorum
411 1239 646 1338 eloquentiam
671 1239 842 1338 provexit.
890 1240 987 1315 Nam
1012 1244 1068 1314 etsr
1085 1245 1151 1316 ho·

170 1387 251 1435 rum
268 1387 410 1461 quoque
426 1383 627 1459 temporum
642 1381 793 1435 oratores
809 1386 851 1434 ea
872 1360 1152 1454 consecutisunt,

171 1510 267 1580 qua,
292 1485 494 1581 compositi,
514 1488 548 1557 &
565 1483 696 1580 quieta,
715 1487 749 1556 δι
766 1485 864 1557 beata
880 1481 1073 1579 republica,
1089 1484 1153 1557 tri·

115 1603 116 1611 ’
171 1605 232 1678 bui
260 1602 311 1679 fas
328 1627 415 1680 erat:
445 1625 563 1679 tamen
587 1604 649 1679 ista
671 1586 990 1702 perturbatione'ac
1015 1602 1156 1683 licentii

166 1727 272 1823 plura
298 1726 359 1801 srbi
375 1725 514 1825 adsequi
531 1725 753 1814 videbantur,
776 1725 873 1815 cirm,
901 1724 1020 1799 mixtis
1036 1724 1154 1799 omni·

171 1849 252 1937 bus,
278 1853 312 1922 &
330 1848 548 1921 moderatore
563 1872 646 1919 uno
673 1846 881 1936 carentibus,
907 1866 1042 1921 tantum
1061 1844 1154 1945 quis·

173 1988 382 2068 queorator
405 1967 548 2066 saperet,
571 1986 745 2065 quantum
770 1966 894 2045 erranti
913 1968 1047 2066 populo
1075 1992 1155 2065 per·

169 2085 301 2165 suaderi
328 2108 474 2186 poterat.
523 2088 623 2164 Hinc
648 2092 743 2185 leges
764 2090 900 2163 affiduae
928 2090 1157 2185 &populare

170 2234 313 2298 nomen,
340 2209 423 2283 hinc
450 2208 637 2282 conciones
665 2207 928 2304 magistratuum
952 2233 1053 2304 paene
1075 2235 1154 2305 per·

169 2327 388 2410 noctantium
404 2327 440 2399 iu
466 2326 592 2416 rostris,
610 2327 692 2401 hinc
709 2325 940 2403 accusationes
958 2329 1155 2424 potentium

169 2472 322 2536 reorum,
349 2449 382 2519 δι
409 2446 596 2544 adfignatae
622 2445 730 2522 etiam
761 2447 926 2523 domibus
952 2446 1155 2539 inimicitia,

170 2568 253 2645 hinc
280 2592 464 2666 procerum
481 2566 660 2659 factiones,
679 2574 712 2643 δι
731 2569 860 2644 allidua
875 2568 1008 2645 senatus
1031 2572 1156 2645 adver-

171 2690 229 2768 sus
247 2690 387 2787 plebem
404 2689 617 2769 certamina:
646 2715 725 2788 quae
744 2692 878 2789 singula
901 2694 962 2765 etfi
988 2690 1156 2768 distrahe·

172 2813 258 2886 bant
273 2809 541 2908 rempublicam,
559 2814 769 2886 exercebant
786 2833 904 2885 tamen
914 2811 1054 2887 illorum
1066 2826 1154 2888 tems

173 2957 301 3031 porum
318 2921 566 3029 eloquentiam,
598 2935 632 3005 δι
649 2932 786 3031 magnis
810 2934 988 3007 cumulare
1004 2934 1157 3031 praemiis

158 3051 411 3145 ¹videbantur:
443 3053 525 3151 quia
556 3052 688 3151 quanti>
715 3052 861 3152 quisque
895 3056 974 3151 plus
1005 3054 1158 3129 dicendo

175 3191 324 3273 poterat,
343 3173 440 3246 tantb
457 3172 591 3249 facilius
607 3176 758 3248 honores
774 3176 1042 3273 adsequebatur3
1060 3177 1158 3250 rantb

122 3355 126 3364 ,
175 3293 302 3394 magis,
334 3294 370 3370 in
394 3295 472 3392 ipfis
489 3295 696 3386 honoribus,
721 3298 871 3395 collegas
887 3284 964 3371 suos
979 3298 1157 3385 anteibat3

174 3414 274 3490 tanti)
291 3417 368 3514 plus
383 3418 478 3513 apud
496 3415 667 3514 principes
685 3416 820 3519 gratiae,
849 3419 927 3516 plus
947 3420 1159 3494 austeritatis

174 3539 269 3633 apud
289 3556 415 3634 patres,
437 3537 515 3633 plus
537 3536 667 3610 notitiae
684 3562 725 3611 ac
742 3538 893 3612 nominis
909 3540 1004 3636 apud
1018 3543 1160 3638 plebem

176 3660 339 3758 parabat:
373 3658 408 3731 hi
433 3658 600 3731 clientelis
627 3657 731 3731 etiam
749 3670 951 3741 'exterarum
978 3659 1160 3737 nationum

176 3779 443 3862 redundabant:
472 3780 536 3854 bos
561 3776 644 3855 ituri
665 3778 701 3853 in
724 3780 916 3879 provincias
944 3777 1166 3878 magistratus
