2766 4658
227 336 298 410 3¹2
421 312 464 384 C.
501 311 767 385 Contraxit
812 312 1012 387 Ticini

229 485 301 561 dici
318 485 410 560 varie
428 489 611 564 disserere:
640 489 783 565 “Huic
801 514 872 562 non
892 485 1029 562 exesam
1046 487 1119 561 vim
1144 489 1204 563 lu·

235 614 264 650 “
282 606 397 698 minis,
427 613 460 681 δι
491 609 692 700 redituram,
725 613 747 683 si
776 610 982 706 pellerentur
1007 608 1201 682 obstantiae

200 714 201 720 ἵ
233 734 261 769 “
278 727 327 799 illi
345 726 471 825 elapsos
488 728 521 801 in
540 755 685 826 pravum
703 749 808 818 artus,
834 731 857 801 si
874 726 1015 801 salubris
1033 728 1085 800 vis
1101 727 1202 801 adhi-

232 853 259 889 “
276 848 408 949 beatur,
430 849 524 945 posse
550 847 728 945 integrari.
776 848 817 920 ld
840 847 973 920 sortasse
998 847 1097 920 cordi
1115 847 1205 937 deis,

231 973 258 1009 “
277 967 448 1041 &divino
472 967 660 1040 ministerio
684 967 883 1064 Principem
906 970 1079 1041 eledlum:
1106 968 1206 1039 deni·
1242 985 1246 998 ·

233 1094 347 1185 “que
375 1088 497 1183 patrati
529 1087 671 1159 remedii
700 1087 846 1184 gloriam
877 1090 981 1184 pe‘nes
1010 1085 1202 1173 Caesarem3

233 1206 363 1279 “irriti
399 1205 591 1279 ludibrium
628 1231 732 1302 penes
766 1205 903 1279 miseros
935 1205 1044 1280 sore.''
1091 1206 1202 1304 Igitur

147 1350 150 1361 ¹
231 1325 467 1423 Vespasianus,
484 1328 608 1400 cuncta
622 1325 770 1399 sortunae
787 1325 854 1400 suae
872 1346 987 1424 patere
1009 1346 1112 1415 rarus,
1141 1351 1205 1400 nec

233 1447 428 1546 quidquam
440 1445 530 1520 ultri
546 1446 759 1536 incredibile,
789 1436 870 1521 laero
883 1445 953 1544 ipse
965 1447 1077 1536 vultu,
1096 1446 1207 1520 credid
1230 1466 1231 1469 ’

233 1594 312 1667 quae
330 1568 481 1641 adstabat
494 1567 729 1657 multitudine,
736 1564 827 1664 jussa
843 1565 1047 1664 exsequitur.
1083 1566 1207 1642 Statim

234 1688 400 1762 conversa
424 1690 469 1761 ad
492 1687 589 1762 usum
615 1713 749 1787 manua,
775 1712 815 1760 ac
843 1711 940 1762 caeco
963 1685 1087 1760 reluxit
1116 1685 1204 1759 dies.

232 1807 450 1903 Utrumque,
481 1806 543 1903 qui
569 1806 749 1880 interfuere
776 1832 870 1880 nunc
901 1831 1043 1905 quoque
1068 1831 1204 1880 merno-

229 1943 318 2012 rant,
339 1925 526 2021 postquam
544 1929 679 2001 nullum
696 1926 879 2000 mendacio
896 1926 1058 2023 pretium.

277 2045 470 2118 LXXXII.
496 2022 654 2120 Airion
676 2045 756 2119 inde
772 2044 974 2143 Vespasiano
994 2045 1124 2143 cupido
1141 2044 1206 2121 ad·

231 2164 334 2239 eundi
362 2162 490 2239 sacram
507 2168 635 2258 aedem,
660 2187 700 2240 ut
717 2166 816 2266 super
840 2169 941 2241 rebus
959 2164 1091 2263 imperii
1118 2192 1205 2238 con-

230 2285 362 2361 suleret.
414 2294 441 2329 “
461 2287 582 2361 Arceri
610 2289 742 2386 templo
771 2288 933 2361 cunctoe’
947 2284 1045 2384 jubet
1059 2311 1073 2357 t
1099 2305 1205 2383 atque
1295 2324 1299 2335 ·

230 2407 409 2510 ingressus,
435 2408 651 2506 intentusque
679 2408 827 2498 numini,
858 2403 1003 2504 respexit
1027 2406 1117 2503 pone
1135 2428 1204 2480 ter·

232 2555 319 2628 gum
345 2554 364 2602 e
392 2527 602 2625 primoribus
627 2528 895 2626 AEgyptiorum,
921 2525 1063 2601 nomine
1088 2526 1205 2600 Basili·

231 2652 325 2735 den3
355 2674 461 2747 quem
489 2649 612 2747 procul
642 2648 854 2725 Alexandri&
883 2647 1037 2746 plurium
1067 2647 1207 2721 dierum

232 2768 365 2861 itinere,
392 2774 426 2844 tr
442 2794 537 2867 agro
562 2792 707 2864 corpore
729 2768 873 2842 detineri
899 2768 993 2841 haud
1015 2766 1212 2864 ignorabat.

229 2892 472 2966 Percundlatur
497 2887 698 2976 sacerdotes,
727 2895 858 2961 “num
883 2887 943 2961 illo
966 2887 1023 2961 die
1048 2886 1210 2960 Basilides

234 3013 453 3108 “templum
478 3008 586 3082 inisset
602 3008 642 3079 ?'’
659 3008 904 3103 pertundetur
920 3007 1056 3096 obvios,
1076 3014 1103 3048 “
1123 3032 1211 3081 num
1289 3106 1292 3108 v

233 3133 261 3172 “
279 3130 314 3202 in
341 3134 427 3204 urbe
454 3129 543 3204 visus
572 3132 609 3204 fit
624 3128 664 3200 l'’
692 3125 856 3224 denique,
886 3126 989 3200 millis
1017 3125 1207 3222 equitibus,

231 3250 403 3345 explorat,
428 3249 488 3322 illo
511 3246 677 3346 temporis
699 3266 895 3336 moment0,
920 3244 1099 3344 odloginta
1126 3245 1203 3316 mil-

148 3450 150 3458 ,
231 3366 321 3440 libus
350 3371 507 3465 passuum
524 3366 677 3442 abfuisse.
726 3368 831 3440 Tunc
855 3365 1012 3443 divinam
1040 3361 1202 3460 speciem,

230 3494 263 3562 δι
282 3486 356 3560 vim
381 3486 525 3584 responsi
551 3514 596 3563 ex
613 3484 755 3562 nornine
777 3485 941 3578 Basilidis,
966 3484 1205 3581 interpretatur

231 3609 290 3683 est.
