2844 4704
279 439 281 443 ,
375 352 778 428 Hrsrontnnuu
803 351 914 424 Lrn.
940 353 987 425 11.
1105 341 1175 447 103⁴

185 530 217 574 “
234 525 397 623 percullin
419 525 555 598 nullum
584 542 673 596 retro
698 516 886 597 subsidium
909 519 997 595 foret
1014 521 1049 592 :’'
1078 521 1172 619 apud
1212 542 1214 553 ·

181 671 316 746 paucos
345 670 385 720 ea
400 645 500 720 ducis
525 643 611 718 ratio
628 628 785 742 probita3
813 642 852 716 in
878 643 1006 741 vulgus
1031 640 1172 715 adverso

187 777 327 843 rtlmore
343 766 419 841 suit.
1012 815 1014 821 ,

171 873 176 884 ¹
236 889 392 963 XXVII.
417 883 545 962 Hnuu
564 885 708 985 perinde
725 885 761 958 id
783 886 954 958 damnum
971 883 1172 957 Vitellianos
1239 983 1240 986 Ἴ
1307 882 1309 889 ²

187 1009 224 1086 in
248 1029 383 1083 metunt
414 1007 600 1105 compulit,
634 1007 743 1106 quim
767 1007 812 1079 ad
841 1004 1046 1078 modestiam
1060 1050 1062 1053 v
1075 1030 1172 1078 com·
1256 987 1258 992 ¹

186 1127 326 1227 posuit:
351 1154 414 1203 nce
432 1127 545 1202 solum
567 1128 661 1224 apud
680 1125 879 1214 Caecinam,
907 1124 968 1222 qui
985 1131 1013 1166 “
1030 1125 1175 1221 eulpam

188 1257 216 1298 “
234 1250 271 1323 in
289 1248 462 1324 rnilitem''
480 1244 691 1336 conserebat,
718 1244 920 1325 “seditioni
938 1244 1049 1343 magis
1065 1245 1174 1341 quirin
1318 1272 1324 1297 ³

189 1378 218 1417 “
239 1370 364 1468 proelio
380 1390 535 1466 paratum
552 1368 588 1440 :’'
614 1365 713 1441 Fabii
731 1391 874 1464 quoque
890 1365 1045 1438 Valentis
1063 1365 1173 1470 copiae

191 1490 287 1587 (jam
305 1490 397 1563 enirn
414 1489 580 1568 Ticinum
597 1487 756 1581 venerat)
783 1488 894 1584 posito
921 1485 1071 1559 hostium
1088 1511 1174 1560 con·

188 1630 341 1708 temptu,
367 1606 642 1707 &recuperandi
660 1608 794 1681 decoris
812 1605 991 1703 cupidine,
1015 1631 1171 1680 reverens

187 1731 252 1805 tius
280 1734 314 1804 δι
340 1729 508 1829 aequaliirs
533 1727 616 1802 duci
636 1728 815 1825 parebant.
866 1728 991 1803 Gravis
1017 1726 1178 1827 alioquin

185 1851 308 1925 seditio
323 1851 505 1939 exarserat,
529 1874 637 1948 quam
655 1840 776 1922 altiore
791 1845 892 1920 initio
921 1851 1055 1946 (neque
1077 1848 1173 1924 enirn

188 1997 306 2045 rerum
342 1997 363 2044 a
395 1968 534 2045 Caecinb
549 1954 551 1959 ¹
567 1968 741 2068 gestarum
776 1969 939 2042 ordinem
969 1969 1173 2068 interrumpi

187 2092 403 2190 oportuerat)
428 2110 596 2189 repetam.
645 2090 816 2163 Cohortes
838 2093 1065 2180 Batavorum,
1087 2117 1174 2190 quas
1326 2116 1329 2127 ·

185 2214 280 2288 bello
305 2211 459 2287 Neronis
488 2236 509 2285 a
537 2210 793 2310 quartadecima
825 2211 962 2309 legione
994 2199 1173 2309 digressas

185 2335 268 2408 cum
305 2333 517 2408 Britanniam
545 2350 716 2429 peterent,
750 2330 872 2406 audito
900 2331 1033 2405 Vitellii
1058 2354 1172 2423 motu,

186 2451 222 2530 in
239 2454 381 2532 civitate
398 2453 607 2552 Lingonum
632 2452 741 2527 Fabio
756 2451 898 2526 Valenti
921 2448 1098 2548 adjunctas
1119 2478 1171 2527 re·

186 2575 343 2668 tulimus,
385 2568 533 2674 superb&
560 2576 725 2672 agebant,
760 2595 799 2647 ut
827 2570 993 2671 cujusque
1025 2572 1173 2672 legionis

187 2697 331 2769 tentoria
345 2698 564 2786 accessissent,
583 2704 610 2740 “
629 2694 801 2770 coercitos
817 2693 882 2771 ase
897 2694 1172 2792 quartadecima·
1216 2787 1217 2797 ἵ

189 2821 218 2860 “
236 2840 314 2904 nos,
326 2817 476 2893 ablatam
492 2799 625 2890 Neroni
640 2816 792 2907 Italiam,
809 2837 915 2913 atque
930 2840 1074 2889 omnem
1094 2816 1174 2894 belli

191 2933 419 3008 “fortunam
453 2935 489 3012 in
517 2936 670 3034 ipsorum
699 2963 806 3011 manu
837 2937 974 3025 fitam,”
995 2934 1173 3033 jadantes.

188 3055 491 3131 Contumeliosum
506 3057 543 3133 id
559 3058 743 3150 militibus,
767 3059 931 3133 acerbum
956 3058 1062 3132 duci:
1095 3084 1173 3134 cor·
1272 3040 1274 3050 ¹

186 3197 290 3283 rupta
311 3173 437 3276 jurgiis
458 3200 519 3257 aut
543 3180 627 3255 rixis
650 3178 856 3278 disciplina:
886 3181 948 3253 ad·
955 3178 1173 3276 postremum

186 3300 316 3372 Valens
334 3324 354 3372 e
372 3300 562 3396 petulanti&
579 3300 684 3374 etiam
703 3300 885 3398 perfidiam
903 3296 1127 3395 suspectabat.
1218 3400 1221 3403 Δ

231 3421 407 3495 XXVIII.
432 3422 576 3494 lorrun
594 3419 717 3495 nuntio
733 3421 863 3512 adlato,
884 3427 913 3462 “
932 3403 1066 3517 pulsarit
1082 3422 1171 3495 Tre·

157 3595 159 3625 .
185 3546 395 3623 “verorum
421 3543 512 3616 alam
528 3539 763 3640 Tungrosque
787 3542 924 3615 aclalse
944 3540 1109 3631 Othonis,
1136 3546 1171 3615 δι

186 3667 214 3703 “
232 3660 498 3736 Narbonensem
511 3660 514 3675 '
529 3661 682 3735 Galliam
707 3661 880 3736 circumiri
895 3664 933 3749 ;”
963 3663 1062 3736 simul
1089 3663 1171 3733 curl

4 3756 8 3763 ’
150 3792 152 3794 ’
183 3776 289 3864 socios
318 3781 453 3875 nendi,
478 3786 510 3860 a
534 3780 674 3855 militari
699 3781 786 3875 nu,
814 3784 973 3865 conones
986 3848 987 3851 γ
1000 3778 1169 3871 rubinas,

616 3903 658 3983 H
683 3928 708 4003 4
792 3967 795 3975 ,
