2844 4704
222 338 308 446 ¹134
444 342 486 417 C.
526 342 795 420 Conurnrr
833 344 1037 420 Trerrr

231 525 311 612 bus,
332 521 407 595 dira
423 521 584 596 vastitas:
614 545 679 596 nec
698 522 813 598 mimis
829 522 1020 597 inhumana
1037 545 1115 621 pars
1132 521 1213 614 via,

232 653 338 742 quam
357 642 614 717 *Cremonenses
641 645 742 718 lauru
770 643 918 744 rofisque
939 645 1212 734 constraverant,

228 762 405 840 exstructis
430 763 609 853 altaribus,
635 764 795 864 caesrsque
818 764 982 857 vidimis,
1011 764 1147 862 regium
1175 763 1213 837 in

228 909 386 959 morem:
408 908 487 982 quae
505 884 629 957 laetain
643 884 803 982 prasens,
822 906 909 971 mox
926 886 1115 984 perniciem
1132 885 1227 982 ipsis
1291 975 1296 980 .

231 1004 355 1079 secere.
406 1004 564 1078 Aderant
580 1006 708 1103 Valens
731 1005 938 1097 &Caecina,
957 1004 1212 1107 monstrabant·

229 1153 297 1225 que
322 1114 452 1224 pugnae
473 1125 594 1198 locos:
623 1132 651 1168 “
668 1124 751 1200 hinc
776 1127 921 1225 empiffe
943 1125 1125 1225 legionum
1149 1151 1213 1224 ag·

231 1255 260 1291 “
277 1272 375 1335 men,
414 1244 499 1318 hinc
527 1244 660 1342 equites
686 1266 848 1320 coortos:
880 1245 972 1319 inde·
991 1245 1215 1322 circumfusas

231 1373 260 1412 “
278 1365 491 1440 auxiliorum
518 1367 676 1440 manusJ’
725 1370 808 1465 Jam
825 1368 956 1441 tribuni
973 1366 1214 1466 praesettique,

227 1487 287 1562 sua
303 1486 447 1587 quisque
468 1485 558 1561 sada
574 1489 794 1580 extollentes,
820 1486 915 1579 falsa,
935 1513 1031 1580 vera,
1064 1508 1122 1561 aut
1140 1514 1215 1562 rna·

223 1608 302 1710 jora
330 1634 414 1682 vero
450 1607 651 1682 miscebant.
701 1610 840 1708 Vulgus
868 1634 1011 1708 quoque
1044 1608 1213 1697 militurn,
1295 1617 1296 1621 ’

193 1747 195 1751 ’
231 1734 383 1806 clamore
407 1719 440 1805 de
460 1730 604 1829 gaudio,
629 1730 815 1805 deflectere
833 1730 903 1821 vit,
930 1728 1037 1828 spatia
1053 1728 1214 1804 certami-

161 1888 163 1891 ·
230 1877 317 1926 num
335 1851 592 1950 recognoscere,
610 1878 776 1951 aggerem
793 1877 988 1941 armorum,
1012 1851 1120 1924 strues
1136 1875 1213 1924 cor·
1250 1942 1251 1951 ἵ

230 1997 359 2073 porum
380 1972 522 2062 intueri,
548 1972 674 2046 mirari.
726 1976 774 2046 Et
796 1993 907 2061 erant,
928 1997 1017 2071 quos
1034 1971 1129 2044 varia
1144 1969 1216 2045 sors

229 2120 359 2183 rerum,
389 2094 612 2193 lacrimaeque
651 2100 685 2169 δε
720 2091 955 2168 misericordia
986 2090 1139 2165 subiret:
1178 2110 1215 2165 at

228 2241 301 2291 non
328 2216 487 2289 Vitellius
515 2216 612 2289 flexit
638 2202 792 2303 occulos,
822 2237 887 2287 nec
913 2232 965 2287 tot
991 2211 1100 2286 millia
1126 2211 1213 2285 inse·
1311 2230 1314 2239 '

229 2341 407 2437 pultorum
434 2335 563 2410 civium
587 2313 792 2410 exhorruit:
821 2336 920 2408 laetus
943 2336 1050 2425 ultro,
1077 2339 1112 2407 δι
1140 2353 1214 2408 tam

228 2460 436 2559 propinquae
459 2456 554 2531 sortis
572 2456 725 2555 ignarus,
754 2456 962 2530 instaurabat
989 2453 1124 2528 sacrum
1144 2453 1214 2528 ‘diis
1256 2550 1260 2559 x

231 2582 313 2654 loci.
722 2595 724 2599 ‘

254 2704 393 2776 LXXI.
419 2701 525 2774 Exin
553 2698 757 2772 Bononiaea
779 2697 891 2773 Fabio
910 2699 1059 2772 Valente
1081 2697 1229 2796 gladia·¹

229 2841 344 2895 torum
362 2821 596 2921 spedaculum
610 2820 738 2910 editur,
758 2821 907 2894 advedlo
925 2844 970 2893 ex
987 2821 1091 2893 Urbe
1107 2821 1217 2894 cultu.

184 2948 187 2966 '
227 2944 442 3040 Qrantdque
471 2942 583 3040 magis
601 2941 879 3040 propinquabat,
898 2939 996 3014 tantb
1018 2940 1216 3047 corruptius

224 3062 303 3152 iter,
331 3060 501 3136 immixtis
517 3063 738 3137 histrionibus
754 3063 792 3135 δι
818 3059 1214 3161 spadonum'gregibus,

229 3187 264 3257 dt
293 3203 408 3258 cetero
436 3184 646 3259 Neronianae
675 3185 763 3258 aulae
787 3183 961 3282 ingenio:
995 3206 1151 3280 namque
1179 3183 1241 3255 &⁴

226 3305 409 3380 Neronem
435 3303 727 3402 ipsum-Vitellius
745 3303 980 3379 admiratione
1001 3305 1213 3390 celebrabat,

227 3425 347 3502 seclari
365 3445 563 3501 cantantem
578 3416 711 3517 solitus,
733 3447 806 3500 non
832 3429 1041 3517 necessitate,
1061 3426 1130 3524 qul
1147 3425 1212 3496 ho-

227 3548 429 3625 nestissimus
458 3546 616 3646 quisque,
639 3547 698 3623 sed
727 3550 829 3638 luxu,
860 3553 894 3622 dt
924 3546 1053 3645 saginae
1079 3543 1214 3620 manci·

228 3664 565 3771 patusemptusque.
615 3671 669 3742 Ut
693 3668 833 3743 Valenti
858 3673 893 3742 δι
910 3666 1060 3741 Caecinae
1084 3688 1215 3740 vacuos

201 3797 202 3816 ¹
229 3785 518 3887 honoris-menses
530 3785 693 3887 aperiret,
713 3788 879 3865 coarctari
894 3787 1043 3864 aliorum
1056 3784 1213 3863 consula-
