2820 4694
241 391 246 411 ·
343 361 733 448 Hrsaeotmruu
766 357 977 432 L1a.lV.
1075 380 1143 459 πῃ

168 532 352 633 postquam
370 533 516 620 obviarn
544 534 646 625 itum,
672 535 831 608 ornislre.
881 533 1083 622 Mucianus,
1102 558 1145 605 ne

167 652 280 751 sperni
296 644 630 752 senatbsjudicinm,
653 659 687 727 ὅτ
700 655 832 727 cunctis
849 651 911 726 sub
923 656 1067 727 Nerone
1083 656 1144 727 ad·

166 774 270 848 miffis
298 778 379 849 dara
404 775 591 873 impunitas
615 774 804 863 videretur,
831 773 1019 846 Oslavium
1045 773 1145 846 Sabi-

166 920 253 967 num
274 895 457 995 Sagittam,
486 900 518 968 u
555 895 744 968 Antistium
776 896 965 982 Sosianum,
988 891 1145 967 senatorii

167 1016 311 1105 ordinis,
337 1019 484 1115 egrellos
501 1016 671 1103 exsilium,
690 1015 728 1087 in
742 1012 877 1087 easdem
901 1012 1025 1087 insulas
1046 1014 1143 1086 rede·

167 1135 229 1232 git.
278 1137 445 1209 Otiavius
463 1135 623 1208 Pontiam
640 1134 867 1223 Postumiam,
888 1133 1005 1229 stupro
1018 1133 1140 1230 cogni-

168 1275 255 1342 tam,
282 1260 315 1328 &
336 1256 473 1352 nuptias
495 1255 570 1329 suas
585 1258 811 1343 abnuentem,
829 1253 1003 1349 impotens
1020 1253 1144 1326 amoris

169 1371 400 1448 interfecerat:
424 1376 580 1449 Sosianus
598 1376 767 1471 pravitate
784 1399 920 1447 morum
940 1371 1057 1445 multis
1069 1372 1143 1445 exi-

107 1589 109 1596 Ι
169 1493 283 1566 tiosus.
335 1501 454 1571 Ambo
472 1497 569 1595 gravi
592 1493 878 1569 senatusconsulto
894 1493 1047 1568 damnati
1066 1492 1144 1591 pulss

168 1616 275 1712 sique,
294 1617 451 1713 quamvis
469 1619 629 1690 concesso
641 1616 713 1689 aliis
731 1614 855 1702 reditu,
875 1614 911 1685 in
928 1615 1049 1688 eadem
1065 1639 1141 1710 poe·

151 1738 210 1837 prul
234 1734 355 1809 retenti
372 1734 460 1809 sunt.
509 1739 588 1810 Nec
606 1737 686 1809 ideo
710 1734 815 1808 lenita
832 1759 914 1832 erga
930 1720 1159 1811 Mucianum

165 1854 317 1931 invidia..
357 1855 501 1954 Qippe
518 1860 672 1931 Sosianus
695 1883 735 1930 ac
760 1856 891 1954 Sagitta
915 1855 1013 1948 viles,
1038 1856 1142 1928 etiam
1252 1908 1258 1916 s

167 1978 474 2050 streverterentur:
502 1975 738 2050 accusatorum
756 1976 908 2074 ingenia,
934 1980 1079 2074 scopes,
1107 1981 1141 2049 δε
1258 1972 1260 1982 ’

128 2081 133 2090 ’
165 2096 316 2170 exercita
332 2098 431 2171 malis
449 2099 577 2172 artibus
590 2097 759 2194 potentia‚'
770 2096 992 2169 timebantur.
1006 2148 1008 2153 -

214 2219 328 2292 XLV.
367 2222 699 2292 Racoucrtrnvrr
734 2214 914 2312 paullisper
944 2212 1056 2289 studia
1083 2239 1143 2312 pa-

166 2357 273 2427 tmm,
302 2337 419 2411 habita
444 2338 480 2409 in
504 2337 620 2411 senatu
645 2336 814 2436 cogniri0,
838 2334 1028 2407 secundum
1046 2334 1153 2408 vete-'

164 2482 237 2530 rem
262 2450 409 2529 morem.
458 2459 615 2531 Manlius
632 2457 817 2546 Patruitus,
843 2453 986 2544 senator,
1017 2461 1044 2497 “
1064 2457 1141 2553 pul·

166 2580 192 2618 “
212 2576 322 2651 satum
339 2575 373 2651 se
394 2577 430 2650 in
453 2579 588 2652 colonis
604 2581 753 2668 Senensi,
782 2597 878 2651 coetu
894 2576 1142 2664 multitudinis,

168 2700 195 2736 “
214 2693 347 2791 &jullu
359 2697 644 2796 magistratuum’'
663 2702 871 2796 querebatur
887 2725 895 2769 :
916 2706 943 2740 “
957 2722 1021 2770 nec
1035 2698 1142 2771 finem

168 2821 196 2857 “
213 2810 346 2910 injuria
368 2817 428 2889 hic
454 2817 595 2890 stetifi‘e:
623 2819 814 2914 plaustum,
845 2824 879 2893 δι
907 2820 1071 2907 lamenta,
1108 2821 1142 2891 δι

168 2924 455 3031 “supremorum
488 2936 678 3036 imaginem
707 2938 860 3036 prasenti
895 2938 956 3011 fibi
990 2937 1141 3011 circum·

168 3060 196 3097 “
215 3055 308 3144 data,
332 3080 415 3128 cum
436 3055 652 3131 contumeliis
674 3061 707 3129 &
727 3057 876 3155 probris,
896 3084 974 3155 quae
996 3056 1032 3129 in
1048 3057 1143 3131 sena·

167 3180 195 3218 “
213 3194 290 3250 turn
323 3175 519 3250 universum
546 3174 776 3274 jacerentur.”
825 3176 961 3265 Vocati,
996 3178 1057 3276 qui
1089 3204 1142 3251 ar·

168 3300 374 3395 guebantur.
425 3299 472 3370 Et
486 3298 625 3394 cognita
641 3300 757 3386 causa,
780 3296 817 3368 in
835 3294 1012 3368 convitlos
1028 3296 1143 3368 vindi-

165 3438 293 3491 catum.
343 3418 588 3514 Additamque
617 3412 956 3504 senatusconsultum,
987 3408 1059 3512 quo
1082 3417 1141 3488 Se·

131 3577 135 3598 .
167 3543 323 3613 nensrum
351 3541 469 3637 plebes
496 3535 672 3610 modestia
693 3536 952 3609 admoneretur.
1018 3535 1142 3610 lisdem

167 3656 288 3732 diebus
309 3659 483 3733 Antonius
500 3659 660 3731 Flamma
675 3657 924 3752 Cyrenenfibus
937 3658 1141 3745 damnatur,

167 3777 245 3876 lege
258 3781 541 3879 repetundarum,
557 3782 589 3851 tr
608 3777 725 3851 exsilio
737 3779 785 3853 ob
798 3775 972 3853 saevitiam.
