2806 4694
236 358 284 437 34
460 331 503 411 C.
542 330 789 414 Contenti
818 335 1001 427 Tnerrr

240 518 268 555 “
287 511 356 610 gia,
382 507 536 586 invalida
550 511 639 586 sunt.
673 514 760 586 Non
775 514 820 587 ad
838 513 973 587 bellum
990 532 1069 598 vos,
1096 528 1160 583 nee
1176 503 1225 582 acl

238 639 266 676 “
283 630 475 728 periciilom
500 658 613 706 voco:
643 633 807 708 omnium
819 632 973 707 militum
988 654 1087 704 arma
1102 627 1226 704 nobis·-

239 758 267 795 “
286 776 369 824 cum
384 749 473 845 sunt.-
489 753 568 826 Nec
585 779 654 827 una
665 756 790 835 cohors
806 768 928 854 togata
949 749 1109 826 defendit
1131 774 1228 824 nunc

224 878 269 948 ,“
287 873 454 962 Galbam,
484 871 542 946 sod
558 874 700 948 detinet.
749 870 843 948 Cum
859 895 925 948 ros
940 871 1121 971 aspexerit,
1139 871 1225 944 clm

239 998 266 1034 “
285 994 423 1090 fignum
452 1018 574 1068 meum
597 971 782 1094 acceperit,
810 997 880 1069 hoc
902 993 1014 1070 solum
1029 992 1093 1067 erit
1109 1011 1219 1065 certa·

239 1118 269 1156 “
286 1137 383 1202 men,
418 1114 495 1212 quis
523 1115 613 1188 mihi
647 1115 840 1213 plurimum
866 1117 1027 1213 imputet.
1090 1115 1225 1188 Nullus

239 1224 497 1307 “cunctationi
521 1232 620 1310 loeus
644 1236 695 1309 est
719 1235 756 1308 in
778 1260 820 1308 co
845 1234 1002 1324 confilio,
1031 1235 1128 1332 qood
1152 1253 1246 1318 non.

240 1359 273 1396 “
287 1353 401 1450 potest
416 1354 561 1448 laudari,
581 1356 642 1428 nisi
666 1354 886 1453 perustum?
933 1354 1082 1452 Aperite
1098 1352 1226 1428 deinde

111 1482 114 1492 '
239 1475 550 1548 armamentarium
577 1473 703 1573 juffire
737 1493 838 1572 rapta
867 1474 983 1548 statim
1017 1500 1126 1566 arma,
1158 1476 1231 1545 line

240 1615 340 1691 more
357 1597 391 1669 st
415 1595 537 1668 ordine
555 1595 702 1687 militia,
717 1615 757 1668 ut
773 1594 1014 1693 praetorianus,
1036 1615 1096 1667 aut
1113 1591 1225 1691 legio-

242 1713 359 1788 narius
383 1714 574 1814 insignibus
604 1715 672 1789 suis
697 1715 983 1815 distingueretur,
1028 1711 1229 1789 Miscentur

242 1835 484 1925 auxiliaribus,
514 1835 622 1934 galeis
645 1834 829 1934 scutisque.
876 1837 990 1909 Nullo
1006 1834 1229 1908 tribunorum

241 1955 533 2030 centurionumve
563 1957 783 2046 adhortante,
814 1952 878 2030 fibi
902 1955 1052 2054 quisque
1072 1956 1171 2044 dux,
1191 1957 1228 2028 a

241 2076 442 2175 instigator:
475 2080 509 2148 δε
532 2075 750 2173 praecipuum
768 2079 993 2176 pessimorum
1019 2073 1227 2149 irreitamen-

243 2215 336 2286 tum,
364 2195 461 2295 quod
486 2194 573 2270 boni
597 2197 800 2281 maer‘ebant.
1250 2244 1252 2246 v

178 2409 180 2413 v
291 2318 470 2391 XXXIX.
496 2316 582 2412 JAnr
600 2317 786 2392 exterritus
815 2316 894 2392 Piso
920 2315 1061 2390 frernim
1077 2308 1227 2389 crebras

244 2437 354 2512 centis
369 2436 556 2526 seditionis,
583 2441 617 2511 δι
646 2437 794 2511 vocibus
815 2438 852 2510 in
874 2439 1012 2510 Urbem
1040 2431 1147 2533 usque
1172 2459 1226 2508 re·

243 2556 457 2646 sonantibus,
476 2559 648 2655 egressum
663 2557 802 2643 interim
820 2557 986 2645 Galbam,
1016 2558 1049 2627 δι
1067 2552 1147 2628 soro
1163 2580 1227 2651 ap
1294 2600 1297 2607 ·

246 2676 552 2774 propinquantem,
578 2678 749 2749 assecutus
765 2694 858 2748 erat:
883 2672 960 2772 jam
982 2674 1122 2749 Marius
1143 2676 1228 2749 Cel-

245 2794 313 2886 sus,
332 2780 424 2870 haud
444 2799 524 2872 laeta
541 2798 724 2871 retulerat:
756 2787 840 2870 rimi
856 2788 931 2886 alii,
957 2800 987 2838 “
1004 2796 1042 2868 in
1059 2795 1233 2894 palatium

246 2899 275 2958 ‘u
294 2917 444 3006 redire,”
482 2919 540 2991 alii
576 2916 841 3015 “Capitolium
869 2917 1025 3014 petere,'’
1071 2915 1228 3013 plerique

247 3043 277 3079 “
297 3037 403 3111 rostra
419 3039 645 3136 occupanda”
663 3035 850 3126 censerent,
869 3038 982 3134 plures
998 3037 1136 3109 tantiam
1153 3033 1227 3110 sen·
1282 3034 1286 3038 ’

246 3156 360 3230 tentiis
389 3156 536 3230 aliorum
570 3157 859 3248 contradicerent,
901 3177 1011 3255 utque
1044 3153 1160 3230 evenit
1192 3154 1231 3229 in

189 3306 192 3310 ’
247 3274 393 3350 consiliis
427 3274 637 3368 infelicibus,
666 3276 799 3375 optima
831 3276 1051 3369 viderentur,
1077 3301 1232 3375 quorum

246 3415 387 3492 tempus
410 3395 590 3494 effugerat.
641 3395 801 3495 Agitasse
818 3400 932 3487 Laco,
951 3397 1075 3496 ignaro
1100 3397 1231 3485 Galba,

246 3517 292 3590 tle
320 3513 516 3588 occidendo
532 3516 581 3587 T.
596 3514 702 3589 Vinio
718 3516 858 3609 dicitur,
887 3521 957 3590 five
977 3536 1016 3591 ut
1034 3520 1141 3614 poena
1158 3516 1233 3615 ejus
1261 3560 1264 3562 -

248 3636 383 3712 animos
409 3631 562 3706 militum
584 3636 766 3730 mulceret,
790 3635 848 3710 seu
876 3634 1056 3710 conscium
1078 3634 1233 3708 Othonis
1263 3695 1264 3698 ,

247 3758 428 3845 credebat,
455 3753 499 3829 ad
518 3753 732 3851 pollrernum
751 3759 810 3832 vel
826 3756 919 3832 odio.
961 3753 1231 3833 Haesrtationenl
