<?xml version="1.0" encoding="UTF-8"?>
<!DOCTYPE html PUBLIC "-//W3C//DTD XHTML 1.0 Transitional//EN"
    "http://www.w3.org/TR/xhtml1/DTD/xhtml1-transitional.dtd">
<html xmlns="http://www.w3.org/1999/xhtml" xml:lang="en" lang="en">
 <head>
  <title>
</title>
<meta http-equiv="Content-Type" content="text/html;charset=utf-8" />
  <meta name='ocr-system' content='tesseract 3.04.00' />
  <meta name='ocr-capabilities' content='ocr_page ocr_carea ocr_par ocr_line ocrx_word'/>
</head>
<body>
  <div class='ocr_page' id='page_1' title='image "./ccorneliitaciti01freigoog_0297.png"; bbox 0 0 2820 4694; ppageno 0'>
   <div class='ocr_carea' id='block_1_1' title="bbox 261 347 1056 444">
    <p class='ocr_par' dir='ltr' id='par_1_1' title="bbox 261 347 1056 444">
     <span class='ocr_line' id='line_1_1' title="bbox 261 347 1056 444; baseline 0.004 -24"><span class='ocrx_word' id='word_1_1' title='bbox 261 371 330 444; x_wconf 84' lang='lat'>292</span> <span class='ocrx_word' id='word_1_2' title='bbox 489 347 1056 442; x_wconf 71' lang='lat' dir='ltr'>C.C0uust11Tncrrr</span> 
     </span>
    </p>
   </div>
   <div class='ocr_carea' id='block_1_2' title="bbox 260 520 1296 3757">
    <p class='ocr_par' dir='ltr' id='par_1_2' title="bbox 260 520 1243 1206">
     <span class='ocr_line' id='line_1_2' title="bbox 260 520 1243 620; baseline 0.002 -26"><span class='ocrx_word' id='word_1_3' title='bbox 260 541 354 594; x_wconf 89' lang='lat' dir='ltr'>rente</span> <span class='ocrx_word' id='word_1_4' title='bbox 366 520 442 593; x_wconf 71' lang='lat' dir='ltr'>sane</span> <span class='ocrx_word' id='word_1_5' title='bbox 461 521 590 612; x_wconf 90' lang='lat' dir='ltr'>Civile,</span> <span class='ocrx_word' id='word_1_6' title='bbox 610 522 858 620; x_wconf 84' lang='lat' dir='ltr'>&amp;increpante</span> <span class='ocrx_word' id='word_1_7' title='bbox 876 527 1086 612; x_wconf 86' lang='lat' dir='ltr'>Germanos,</span> <span class='ocrx_word' id='word_1_8' title='bbox 1107 528 1136 565; x_wconf 90' lang='lat'><strong><em>“</em></strong></span> <span class='ocrx_word' id='word_1_9' title='bbox 1150 543 1243 596; x_wconf 86' lang='lat' dir='ltr'>tam·</span> 
     </span>
     <span class='ocr_line' id='line_1_3' title="bbox 262 642 1240 741; baseline 0.001 -28"><span class='ocrx_word' id='word_1_10' title='bbox 262 647 291 703; x_wconf 60' lang='lat' dir='ltr'>‘f</span> <span class='ocrx_word' id='word_1_11' title='bbox 307 667 410 737; x_wconf 90' lang='lat' dir='ltr'>quam</span> <span class='ocrx_word' id='word_1_12' title='bbox 441 644 547 716; x_wconf 85' lang='lat' dir='ltr'>fidem</span> <span class='ocrx_word' id='word_1_13' title='bbox 576 669 637 740; x_wconf 91' lang='lat' dir='ltr'>per</span> <span class='ocrx_word' id='word_1_14' title='bbox 660 642 768 716; x_wconf 87' lang='lat' dir='ltr'>scelus</span> <span class='ocrx_word' id='word_1_15' title='bbox 791 646 1075 741; x_wconf 88' lang='lat' dir='ltr'>abrumperent.”</span> <span class='ocrx_word' id='word_1_16' title='bbox 1123 642 1240 715; x_wconf 88' lang='lat' dir='ltr'>Simu-</span> 
     </span>
     <span class='ocr_line' id='line_1_4' title="bbox 261 761 1240 861; baseline 0 -28"><span class='ocrx_word' id='word_1_17' title='bbox 261 763 325 834; x_wconf 86' lang='lat' dir='ltr'>lata</span> <span class='ocrx_word' id='word_1_18' title='bbox 351 786 392 833; x_wconf 87' lang='lat' dir='ltr'>ea</span> <span class='ocrx_word' id='word_1_19' title='bbox 420 761 557 851; x_wconf 89' lang='lat' dir='ltr'>suerint,</span> <span class='ocrx_word' id='word_1_20' title='bbox 582 789 626 835; x_wconf 88' lang='lat' dir='ltr'>an</span> <span class='ocrx_word' id='word_1_21' title='bbox 655 762 799 836; x_wconf 87' lang='lat' dir='ltr'>retinere</span> <span class='ocrx_word' id='word_1_22' title='bbox 826 762 1002 838; x_wconf 79' lang='lat' dir='ltr'>saevientes</span> <span class='ocrx_word' id='word_1_23' title='bbox 1030 762 1240 861; x_wconf 81' lang='lat' dir='ltr'>nequiverit,</span> 
     </span>
     <span class='ocr_line' id='line_1_5' title="bbox 260 881 1241 980; baseline 0 -26"><span class='ocrx_word' id='word_1_24' title='bbox 260 908 382 979; x_wconf 88' lang='lat' dir='ltr'>parum</span> <span class='ocrx_word' id='word_1_25' title='bbox 417 884 613 956; x_wconf 86' lang='lat' dir='ltr'>affirmatur.</span> <span class='ocrx_word' id='word_1_26' title='bbox 664 884 819 980; x_wconf 87' lang='lat' dir='ltr'>Direptis</span> <span class='ocrx_word' id='word_1_27' title='bbox 845 883 972 972; x_wconf 85' lang='lat' dir='ltr'>castris,</span> <span class='ocrx_word' id='word_1_28' title='bbox 1008 881 1098 956; x_wconf 88' lang='lat' dir='ltr'>faces</span> <span class='ocrx_word' id='word_1_29' title='bbox 1132 881 1241 978; x_wconf 88' lang='lat' dir='ltr'>injici·</span> 
     </span>
     <span class='ocr_line' id='line_1_6' title="bbox 260 1001 1240 1101; baseline 0.001 -26"><span class='ocrx_word' id='word_1_30' title='bbox 260 1022 344 1076; x_wconf 90' lang='lat' dir='ltr'>unt:</span> <span class='ocrx_word' id='word_1_31' title='bbox 378 1001 602 1100; x_wconf 74' lang='lat' dir='ltr'>cunslosque,</span> <span class='ocrx_word' id='word_1_32' title='bbox 627 1005 687 1101; x_wconf 90' lang='lat' dir='ltr'>qui</span> <span class='ocrx_word' id='word_1_33' title='bbox 706 1004 832 1100; x_wconf 87' lang='lat' dir='ltr'>proelio</span> <span class='ocrx_word' id='word_1_34' title='bbox 848 1003 1095 1101; x_wconf 81' lang='lat' dir='ltr'>superfuerant,</span> <span class='ocrx_word' id='word_1_35' title='bbox 1121 1005 1240 1077; x_wconf 89' lang='lat' dir='ltr'>incen-</span> 
     </span>
     <span class='ocr_line' id='line_1_7' title="bbox 263 1125 1173 1206; baseline -0.015 -9"><span class='ocrx_word' id='word_1_36' title='bbox 263 1125 359 1197; x_wconf 82' lang='lat' dir='ltr'>dium</span> <span class='ocrx_word' id='word_1_37' title='bbox 377 1125 498 1197; x_wconf 80' lang='lat' dir='ltr'>hausu.</span> <span class='ocrx_word' id='word_1_38' title='bbox 1171 1201 1173 1206; x_wconf 65' lang='lat'>,</span> 
     </span>
    </p>

    <p class='ocr_par' dir='ltr' id='par_1_3' title="bbox 263 1245 1296 3757">
     <span class='ocr_line' id='line_1_8' title="bbox 311 1245 1244 1342; baseline 0.001 -25"><span class='ocrx_word' id='word_1_39' title='bbox 311 1246 412 1317; x_wconf 86' lang='lat' dir='ltr'><strong>LXI.</strong></span> <span class='ocrx_word' id='word_1_40' title='bbox 438 1245 612 1332; x_wconf 80' lang='lat' dir='ltr'>C1v1trs,</span> <span class='ocrx_word' id='word_1_41' title='bbox 636 1246 784 1317; x_wconf 88' lang='lat' dir='ltr'>barbaro</span> <span class='ocrx_word' id='word_1_42' title='bbox 810 1266 908 1334; x_wconf 84' lang='lat' dir='ltr'>voto,</span> <span class='ocrx_word' id='word_1_43' title='bbox 938 1245 1015 1341; x_wconf 91' lang='lat' dir='ltr'>post</span> <span class='ocrx_word' id='word_1_44' title='bbox 1042 1266 1156 1342; x_wconf 78' lang='lat' dir='ltr'>coepta</span> <span class='ocrx_word' id='word_1_45' title='bbox 1183 1245 1244 1318; x_wconf 91' lang='lat' dir='ltr'>ad·</span> 
     </span>
     <span class='ocr_line' id='line_1_9' title="bbox 265 1365 1249 1463; baseline -0.002 -24"><span class='ocrx_word' id='word_1_46' title='bbox 265 1367 383 1439; x_wconf 76' lang='lat' dir='ltr'>versus</span> <span class='ocrx_word' id='word_1_47' title='bbox 419 1368 601 1437; x_wconf 89' lang='lat' dir='ltr'>Romanos</span> <span class='ocrx_word' id='word_1_48' title='bbox 634 1391 745 1455; x_wconf 92' lang='lat' dir='ltr'>arma,</span> <span class='ocrx_word' id='word_1_49' title='bbox 776 1392 974 1463; x_wconf 83' lang='lat' dir='ltr'>propexum</span> <span class='ocrx_word' id='word_1_50' title='bbox 1004 1365 1249 1461; x_wconf 85' lang='lat' dir='ltr'>rutilatumque</span> 
     </span>
     <span class='ocr_line' id='line_1_10' title="bbox 265 1484 1248 1584; baseline -0.004 -24"><span class='ocrx_word' id='word_1_51' title='bbox 265 1486 410 1573; x_wconf 88' lang='lat' dir='ltr'>crinem,</span> <span class='ocrx_word' id='word_1_52' title='bbox 438 1490 567 1580; x_wconf 68' lang='lat' dir='ltr'>pattatfi</span> <span class='ocrx_word' id='word_1_53' title='bbox 585 1486 729 1559; x_wconf 87' lang='lat' dir='ltr'>demum</span> <span class='ocrx_word' id='word_1_54' title='bbox 749 1489 845 1558; x_wconf 82' lang='lat' dir='ltr'>caede</span> <span class='ocrx_word' id='word_1_55' title='bbox 855 1487 1056 1584; x_wconf 84' lang='lat' dir='ltr'>legionum,</span> <span class='ocrx_word' id='word_1_56' title='bbox 1079 1484 1248 1582; x_wconf 88' lang='lat' dir='ltr'>deposuit.</span> 
     </span>
     <span class='ocr_line' id='line_1_11' title="bbox 266 1605 1296 1705; baseline -0.003 -22"><span class='ocrx_word' id='word_1_57' title='bbox 266 1610 312 1683; x_wconf 87' lang='lat' dir='ltr'>Et</span> <span class='ocrx_word' id='word_1_58' title='bbox 340 1605 512 1679; x_wconf 84' lang='lat' dir='ltr'>ferebatur</span> <span class='ocrx_word' id='word_1_59' title='bbox 535 1608 681 1703; x_wconf 86' lang='lat' dir='ltr'>parvulo</span> <span class='ocrx_word' id='word_1_60' title='bbox 706 1607 792 1697; x_wconf 87' lang='lat' dir='ltr'>filiu,</span> <span class='ocrx_word' id='word_1_61' title='bbox 818 1606 987 1705; x_wconf 89' lang='lat' dir='ltr'>quosdam</span> <span class='ocrx_word' id='word_1_62' title='bbox 1011 1607 1246 1704; x_wconf 86' lang='lat' dir='ltr'>captivorum,</span> <span class='ocrx_word' id='word_1_63' title='bbox 1292 1645 1296 1656; x_wconf 91' lang='lat'>·</span> 
     </span>
     <span class='ocr_line' id='line_1_12' title="bbox 265 1725 1245 1826; baseline 0 -28"><span class='ocrx_word' id='word_1_64' title='bbox 265 1725 394 1824; x_wconf 86' lang='lat' dir='ltr'>sagittis</span> <span class='ocrx_word' id='word_1_65' title='bbox 419 1725 612 1825; x_wconf 84' lang='lat' dir='ltr'>jaculisque</span> <span class='ocrx_word' id='word_1_66' title='bbox 643 1729 831 1826; x_wconf 86' lang='lat' dir='ltr'>puerilibus</span> <span class='ocrx_word' id='word_1_67' title='bbox 866 1729 1039 1826; x_wconf 85' lang='lat' dir='ltr'>figendos,</span> <span class='ocrx_word' id='word_1_68' title='bbox 1074 1726 1245 1800; x_wconf 83' lang='lat' dir='ltr'>obtulisse.</span> 
     </span>
     <span class='ocr_line' id='line_1_13' title="bbox 264 1847 1247 1945; baseline 0.004 -29"><span class='ocrx_word' id='word_1_69' title='bbox 264 1847 430 1918; x_wconf 75' lang='lat' dir='ltr'>Ceterum</span> <span class='ocrx_word' id='word_1_70' title='bbox 450 1873 564 1944; x_wconf 87' lang='lat' dir='ltr'>oeque</span> <span class='ocrx_word' id='word_1_71' title='bbox 577 1847 624 1937; x_wconf 87' lang='lat' dir='ltr'>se,</span> <span class='ocrx_word' id='word_1_72' title='bbox 644 1874 759 1944; x_wconf 89' lang='lat' dir='ltr'>neque</span> <span class='ocrx_word' id='word_1_73' title='bbox 776 1874 993 1945; x_wconf 86' lang='lat' dir='ltr'>quemquam</span> <span class='ocrx_word' id='word_1_74' title='bbox 1011 1851 1192 1936; x_wconf 83' lang='lat' dir='ltr'>Batavum,</span> <span class='ocrx_word' id='word_1_75' title='bbox 1210 1847 1247 1920; x_wconf 91' lang='lat' dir='ltr'>in</span> 
     </span>
     <span class='ocr_line' id='line_1_14' title="bbox 263 1964 1245 2066; baseline 0.002 -29"><span class='ocrx_word' id='word_1_76' title='bbox 263 1964 370 2038; x_wconf 75' lang='lat' dir='ltr'>verba‘</span> <span class='ocrx_word' id='word_1_77' title='bbox 380 1968 572 2041; x_wconf 88' lang='lat' dir='ltr'>Galliarum</span> <span class='ocrx_word' id='word_1_78' title='bbox 583 1969 714 2066; x_wconf 80' lang='lat' dir='ltr'>adegit,</span> <span class='ocrx_word' id='word_1_79' title='bbox 727 1968 806 2040; x_wconf 88' lang='lat' dir='ltr'>fisus</span> <span class='ocrx_word' id='word_1_80' title='bbox 820 1972 1079 2042; x_wconf 88' lang='lat' dir='ltr'>Germanorum</span> <span class='ocrx_word' id='word_1_81' title='bbox 1096 1968 1221 2064; x_wconf 82' lang='lat' dir='ltr'>opibus</span> <span class='ocrx_word' id='word_1_82' title='bbox 1235 1998 1245 2052; x_wconf 90' lang='lat'>;</span> 
     </span>
     <span class='ocr_line' id='line_1_15' title="bbox 265 2089 1247 2184; baseline -0.002 -23"><span class='ocrx_word' id='word_1_83' title='bbox 265 2091 351 2177; x_wconf 84' lang='lat' dir='ltr'>&amp;,s1</span> <span class='ocrx_word' id='word_1_84' title='bbox 370 2091 571 2163; x_wconf 89' lang='lat' dir='ltr'>certandum</span> <span class='ocrx_word' id='word_1_85' title='bbox 587 2091 749 2162; x_wconf 76' lang='lat' dir='ltr'>adversus</span> <span class='ocrx_word' id='word_1_86' title='bbox 771 2090 891 2162; x_wconf 92' lang='lat' dir='ltr'>Gallos</span> <span class='ocrx_word' id='word_1_87' title='bbox 909 2090 953 2160; x_wconf 87' lang='lat' dir='ltr'>de</span> <span class='ocrx_word' id='word_1_88' title='bbox 970 2089 1171 2184; x_wconf 82' lang='lat' dir='ltr'>possessione</span> <span class='ocrx_word' id='word_1_89' title='bbox 1192 2113 1247 2159; x_wconf 91' lang='lat' dir='ltr'>re-</span> 
     </span>
     <span class='ocr_line' id='line_1_16' title="bbox 264 2207 1247 2306; baseline -0.005 -22"><span class='ocrx_word' id='word_1_90' title='bbox 264 2236 347 2284; x_wconf 91' lang='lat' dir='ltr'>rum</span> <span class='ocrx_word' id='word_1_91' title='bbox 370 2209 472 2302; x_wconf 88' lang='lat' dir='ltr'>soret,</span> <span class='ocrx_word' id='word_1_92' title='bbox 498 2211 634 2284; x_wconf 87' lang='lat' dir='ltr'>inclitus</span> <span class='ocrx_word' id='word_1_93' title='bbox 667 2208 773 2300; x_wconf 65' lang='lat' dir='ltr'>sams,</span> <span class='ocrx_word' id='word_1_94' title='bbox 804 2214 837 2281; x_wconf 75' lang='grc' dir='ltr'>δι</span> <span class='ocrx_word' id='word_1_95' title='bbox 867 2209 992 2306; x_wconf 86' lang='lat' dir='ltr'>potior.</span> <span class='ocrx_word' id='word_1_96' title='bbox 1044 2207 1247 2280; x_wconf 88' lang='lat' dir='ltr'>Mummius</span> 
     </span>
     <span class='ocr_line' id='line_1_17' title="bbox 265 2329 1247 2430; baseline -0.005 -25"><span class='ocrx_word' id='word_1_97' title='bbox 265 2334 464 2428; x_wconf 86' lang='lat' dir='ltr'>Lupercus,</span> <span class='ocrx_word' id='word_1_98' title='bbox 482 2333 617 2428; x_wconf 86' lang='lat' dir='ltr'>legatus</span> <span class='ocrx_word' id='word_1_99' title='bbox 633 2331 795 2430; x_wconf 86' lang='lat' dir='ltr'>legionis,</span> <span class='ocrx_word' id='word_1_100' title='bbox 819 2331 908 2402; x_wconf 89' lang='lat' dir='ltr'>inter</span> <span class='ocrx_word' id='word_1_101' title='bbox 924 2330 1018 2401; x_wconf 86' lang='lat' dir='ltr'>dona</span> <span class='ocrx_word' id='word_1_102' title='bbox 1040 2329 1157 2400; x_wconf 84' lang='lat' dir='ltr'>missus</span> <span class='ocrx_word' id='word_1_103' title='bbox 1175 2329 1247 2400; x_wconf 88' lang='lat' dir='ltr'>Ve-</span> 
     </span>
     <span class='ocr_line' id='line_1_18' title="bbox 272 2444 1254 2549; baseline -0.005 -22"><span class='ocrx_word' id='word_1_104' title='bbox 272 2444 372 2527; x_wconf 83' lang='lat' dir='ltr'>ledae.</span> <span class='ocrx_word' id='word_1_105' title='bbox 425 2453 477 2524; x_wconf 87' lang='lat' dir='ltr'>Ea</span> <span class='ocrx_word' id='word_1_106' title='bbox 494 2450 596 2549; x_wconf 87' lang='lat' dir='ltr'>virgo</span> <span class='ocrx_word' id='word_1_107' title='bbox 621 2451 770 2544; x_wconf 84' lang='lat' dir='ltr'>nationis</span> <span class='ocrx_word' id='word_1_108' title='bbox 787 2444 971 2538; x_wconf 74' lang='lat' dir='ltr'>umeterae,</span> <span class='ocrx_word' id='word_1_109' title='bbox 991 2448 1059 2520; x_wconf 74' lang='lat' dir='ltr'>late</span> <span class='ocrx_word' id='word_1_110' title='bbox 1076 2447 1254 2544; x_wconf 85' lang='lat' dir='ltr'>imperita-</span> 
     </span>
     <span class='ocr_line' id='line_1_19' title="bbox 265 2566 1250 2667; baseline -0.005 -20"><span class='ocrx_word' id='word_1_111' title='bbox 265 2578 340 2664; x_wconf 90' lang='lat' dir='ltr'>bat,</span> <span class='ocrx_word' id='word_1_112' title='bbox 366 2581 483 2645; x_wconf 87' lang='lat' dir='ltr'>vetere</span> <span class='ocrx_word' id='word_1_113' title='bbox 503 2574 598 2667; x_wconf 81' lang='lat' dir='ltr'>apud</span> <span class='ocrx_word' id='word_1_114' title='bbox 623 2574 820 2646; x_wconf 89' lang='lat' dir='ltr'>Germanos</span> <span class='ocrx_word' id='word_1_115' title='bbox 845 2596 955 2659; x_wconf 89' lang='lat' dir='ltr'>more,</span> <span class='ocrx_word' id='word_1_116' title='bbox 976 2595 1047 2667; x_wconf 91' lang='lat' dir='ltr'>quo</span> <span class='ocrx_word' id='word_1_117' title='bbox 1072 2566 1250 2666; x_wconf 88' lang='lat' dir='ltr'>plerasque</span> 
     </span>
     <span class='ocr_line' id='line_1_20' title="bbox 267 2689 1251 2788; baseline -0.004 -20"><span class='ocrx_word' id='word_1_118' title='bbox 267 2694 473 2775; x_wconf 86' lang='lat' dir='ltr'>seminarum</span> <span class='ocrx_word' id='word_1_119' title='bbox 507 2690 677 2782; x_wconf 86' lang='lat' dir='ltr'>fatidicas,</span> <span class='ocrx_word' id='word_1_120' title='bbox 708 2697 742 2765; x_wconf 88' lang='lat'>&amp;</span> <span class='ocrx_word' id='word_1_121' title='bbox 771 2689 974 2788; x_wconf 88' lang='lat' dir='ltr'>augescente</span> <span class='ocrx_word' id='word_1_122' title='bbox 998 2689 1251 2787; x_wconf 87' lang='lat' dir='ltr'>superstitione,</span> 
     </span>
     <span class='ocr_line' id='line_1_21' title="bbox 267 2810 1252 2910; baseline -0.007 -20"><span class='ocrx_word' id='word_1_123' title='bbox 267 2813 578 2890; x_wconf 76' lang='lat' dir='ltr'>arbitrantur‘deas.</span> <span class='ocrx_word' id='word_1_124' title='bbox 625 2815 801 2910; x_wconf 87' lang='lat' dir='ltr'>Tuncque</span> <span class='ocrx_word' id='word_1_125' title='bbox 814 2812 952 2886; x_wconf 85' lang='lat' dir='ltr'>Veledae</span> <span class='ocrx_word' id='word_1_126' title='bbox 966 2810 1152 2883; x_wconf 72' lang='lat' dir='ltr'>austoritas</span> <span class='ocrx_word' id='word_1_127' title='bbox 1167 2811 1252 2884; x_wconf 90' lang='lat' dir='ltr'>ado-</span> 
     </span>
     <span class='ocr_line' id='line_1_22' title="bbox 268 2931 1253 3029; baseline -0.005 -20"><span class='ocrx_word' id='word_1_128' title='bbox 268 2937 375 3010; x_wconf 85' lang='lat' dir='ltr'>levit:</span> <span class='ocrx_word' id='word_1_129' title='bbox 404 2961 485 3009; x_wconf 88' lang='lat' dir='ltr'>nam</span> <span class='ocrx_word' id='word_1_130' title='bbox 503 2941 530 2976; x_wconf 89' lang='lat'><strong>“</strong></span> <span class='ocrx_word' id='word_1_131' title='bbox 549 2931 725 3029; x_wconf 88' lang='lat' dir='ltr'>prosperas</span> <span class='ocrx_word' id='word_1_132' title='bbox 738 2933 920 3005; x_wconf 90' lang='lat' dir='ltr'>Germanis</span> <span class='ocrx_word' id='word_1_133' title='bbox 936 2957 1002 3021; x_wconf 86' lang='lat' dir='ltr'>res,</span> <span class='ocrx_word' id='word_1_134' title='bbox 1022 2931 1253 3006; x_wconf 84' lang='lat' dir='ltr'>&amp;excidium</span> 
     </span>
     <span class='ocr_line' id='line_1_23' title="bbox 269 3052 1252 3153; baseline -0.002 -27"><span class='ocrx_word' id='word_1_135' title='bbox 269 3061 298 3100; x_wconf 89' lang='lat'><strong>“</strong></span> <span class='ocrx_word' id='word_1_136' title='bbox 315 3055 518 3153; x_wconf 86' lang='lat' dir='ltr'>legionum&#39;’</span> <span class='ocrx_word' id='word_1_137' title='bbox 546 3053 765 3151; x_wconf 69' lang='lat' dir='ltr'>predixerat.</span> <span class='ocrx_word' id='word_1_138' title='bbox 815 3053 882 3126; x_wconf 86' lang='lat' dir='ltr'>Sed</span> <span class='ocrx_word' id='word_1_139' title='bbox 906 3055 1105 3150; x_wconf 86' lang='lat' dir='ltr'>Lupercus,</span> <span class='ocrx_word' id='word_1_140' title='bbox 1136 3052 1172 3126; x_wconf 90' lang='lat' dir='ltr'>in</span> <span class='ocrx_word' id='word_1_141' title='bbox 1197 3053 1252 3125; x_wconf 83' lang='lat' dir='ltr'>iti-</span> 
     </span>
     <span class='ocr_line' id='line_1_24' title="bbox 270 3173 1252 3249; baseline 0 -4"><span class='ocrx_word' id='word_1_142' title='bbox 270 3201 350 3248; x_wconf 88' lang='lat' dir='ltr'>nere</span> <span class='ocrx_word' id='word_1_143' title='bbox 368 3176 576 3249; x_wconf 71' lang='lat' dir='ltr'>interseslus.</span> <span class='ocrx_word' id='word_1_144' title='bbox 626 3173 734 3248; x_wconf 82' lang='lat' dir='ltr'>Pauci</span> <span class='ocrx_word' id='word_1_145' title='bbox 752 3173 996 3247; x_wconf 90' lang='lat' dir='ltr'>centurionum</span> <span class='ocrx_word' id='word_1_146' title='bbox 1013 3173 1252 3247; x_wconf 85' lang='lat' dir='ltr'>tribunorum·</span> 
     </span>
     <span class='ocr_line' id='line_1_25' title="bbox 271 3292 1250 3395; baseline -0.002 -29"><span class='ocrx_word' id='word_1_147' title='bbox 271 3319 341 3390; x_wconf 93' lang='lat' dir='ltr'>que</span> <span class='ocrx_word' id='word_1_148' title='bbox 362 3297 398 3372; x_wconf 89' lang='lat' dir='ltr'>in</span> <span class='ocrx_word' id='word_1_149' title='bbox 423 3297 537 3371; x_wconf 77' lang='lat' dir='ltr'>Gallirl</span> <span class='ocrx_word' id='word_1_150' title='bbox 566 3294 687 3395; x_wconf 88' lang='lat' dir='ltr'>geniti,</span> <span class='ocrx_word' id='word_1_151' title='bbox 711 3294 935 3385; x_wconf 86' lang='lat' dir='ltr'>reservantur,</span> <span class='ocrx_word' id='word_1_152' title='bbox 961 3293 1088 3393; x_wconf 90' lang='lat' dir='ltr'>pignus</span> <span class='ocrx_word' id='word_1_153' title='bbox 1111 3292 1250 3366; x_wconf 83' lang='lat' dir='ltr'>societa-</span> 
     </span>
     <span class='ocr_line' id='line_1_26' title="bbox 269 3410 1251 3517; baseline -0.004 -31"><span class='ocrx_word' id='word_1_154' title='bbox 269 3413 325 3486; x_wconf 86' lang='lat' dir='ltr'>tis.</span> <span class='ocrx_word' id='word_1_155' title='bbox 374 3416 596 3505; x_wconf 91' lang='lat' dir='ltr'>Cohortium,</span> <span class='ocrx_word' id='word_1_156' title='bbox 623 3419 771 3504; x_wconf 89' lang='lat' dir='ltr'>alarum,</span> <span class='ocrx_word' id='word_1_157' title='bbox 791 3415 985 3514; x_wconf 88' lang='lat' dir='ltr'>legionum,</span> <span class='ocrx_word' id='word_1_158' title='bbox 1014 3415 1154 3489; x_wconf 88' lang='lat' dir='ltr'>hiberna</span> <span class='ocrx_word' id='word_1_159' title='bbox 1168 3410 1251 3517; x_wconf 60' lang='lat' dir='ltr'>suls·</span> 
     </span>
     <span class='ocr_line' id='line_1_27' title="bbox 272 3535 1254 3636; baseline -0.001 -26"><span class='ocrx_word' id='word_1_160' title='bbox 272 3535 369 3610; x_wconf 81' lang='lat' dir='ltr'>veisa</span> <span class='ocrx_word' id='word_1_161' title='bbox 393 3558 635 3636; x_wconf 85' lang='lat' dir='ltr'>cremataque:</span> <span class='ocrx_word' id='word_1_162' title='bbox 657 3537 699 3610; x_wconf 89' lang='lat' dir='ltr'>lis</span> <span class='ocrx_word' id='word_1_163' title='bbox 726 3537 863 3609; x_wconf 74' lang='lat' dir='ltr'>tantum</span> <span class='ocrx_word' id='word_1_164' title='bbox 892 3535 1032 3628; x_wconf 65' lang='lat' dir='ltr'>relisus,</span> <span class='ocrx_word' id='word_1_165' title='bbox 1062 3559 1138 3634; x_wconf 88' lang='lat' dir='ltr'>quae</span> <span class='ocrx_word' id='word_1_166' title='bbox 1163 3535 1254 3609; x_wconf 84' lang='lat' dir='ltr'>Mo·</span> 
     </span>
     <span class='ocr_line' id='line_1_28' title="bbox 274 3654 908 3757; baseline -0.002 -26"><span class='ocrx_word' id='word_1_167' title='bbox 274 3654 439 3757; x_wconf 80' lang='lat' dir='ltr'>goritiaci,</span> <span class='ocrx_word' id='word_1_168' title='bbox 459 3679 499 3732; x_wconf 87' lang='lat' dir='ltr'>ac</span> <span class='ocrx_word' id='word_1_169' title='bbox 516 3655 728 3737; x_wconf 86' lang='lat' dir='ltr'>Vindonissae</span> <span class='ocrx_word' id='word_1_170' title='bbox 746 3656 806 3731; x_wconf 84' lang='lat' dir='ltr'>sua</span> <span class='ocrx_word' id='word_1_171' title='bbox 822 3655 908 3730; x_wconf 89' lang='lat' dir='ltr'>sunt.</span> 
     </span>
    </p>
   </div>
   <div class='ocr_carea' id='block_1_3' title="bbox 0 0 1426 4694">
    <p class='ocr_par' dir='ltr' id='par_1_4' title="bbox 0 0 1426 4694">
     <span class='ocr_line' id='line_1_29' title="bbox 0 0 1426 4694; baseline 0 0"><span class='ocrx_word' id='word_1_172' title='bbox 0 0 1426 4694; x_wconf 95' lang='lat' dir='ltr'> </span> 
     </span>
    </p>
   </div>
  </div>
 </body>
</html>
