2806 4694
183 437 186 443 ,
243 356 286 428 6«
469 426 472 436 ,
510 351 557 439 C„
583 352 817 469 Conussrr
846 348 1027 430 Tncsrr

242 557 264 604 a
278 524 481 626 Vespasiano
498 529 711 622 inchoatam,
741 554 762 605 a
777 531 861 606 Tito
878 534 1031 622 austam,
1056 554 1077 604 a
1093 527 1221 605 Domi·

243 651 338 723 tiano
362 651 500 750 longius
527 655 730 749 provedam
755 678 826 726 non
849 652 1058 728 abnuerim:
1086 651 1220 726 sedin·
1245 697 1246 700 =

207 809 208 813 ¹
242 775 438 869 corruptam
460 773 569 845 fidem
597 772 764 871 professu,
789 799 855 847 nec
878 800 997 847 amore
1023 771 1221 872 quisquam,

244 897 279 966 bc
308 896 376 965 sine
405 891 489 964 odio
512 893 681 966 dicendus
708 886 768 967 esti
818 889 927 992 Qrbd
954 897 977 968 si
1001 892 1072 967 vita
1094 895 1221 990 suppe-

243 1013 342 1103 ditet,
361 997 594 1109 principatum
611 1015 684 1087 divi
702 1017 847 1105 Nervae,
866 1020 900 1088 δι
926 1013 1113 1112 imperium
1129 1014 1220 1085 Tra-
1253 1072 1256 1078 .

237 1133 327 1233 jani,
347 1131 545 1207 uberiorem
561 1133 847 1234 securioremque,
864 1135 1045 1208 materiam
1061 1131 1224 1206 senectuti

242 1253 392 1353 seposui:
422 1256 496 1326 rar-21
514 1274 716 1351 temporum
733 1255 910 1347 felicitate,
927 1253 990 1330 ubi
1007 1252 1128 1328 sentire
1144 1279 1224 1351 quae
1274 1257 1278 1260 ’

247 1376 347 1465 velis,
368 1380 402 1448 δι
420 1398 499 1471 quae
517 1373 638 1446 sentias
654 1375 770 1448 dicere
788 1375 881 1449 licet.

293 1498 339 1570 ll.
357 1497 461 1567 Orus
480 1492 664 1590 adgredior
677 1493 837 1590 opimum
854 1495 999 1583 cafibus,
1014 1514 1113 1566 atrox
1131 1518 1224 1590 proe·

161 1660 163 1665 ·
244 1616 312 1706 liis,
335 1614 464 1687 discors
480 1611 717 1705 seditionibus,
742 1614 816 1713 ipsd
840 1613 945 1688 etiam
969 1639 1055 1712 pace
1082 1611 1225 1686 saevum.

244 1741 406 1834 Qatuor
435 1733 613 1831 Principes
645 1735 737 1809 ferro
764 1734 975 1833 interempti.
1024 1734 1109 1807 Tria
1134 1733 1228 1808 bella

221 1855 373 1943 civilia,
399 1856 499 1951 plura
532 1877 691 1946 externa,
726 1882 767 1930 ac
796 1858 1005 1955 plerumque
1038 1853 1225 1952 permixta.

242 1973 430 2072 Prospera,
457 1974 493 2048 in
509 1976 671 2064 Oriente;
699 1977 865 2069 adversae,
890 1977 928 2050 in
948 1976 1225 2052 Occidente‘res.

136 2156 137 2160 ,
241 2099 440 2181 Turbatum
474 2097 677 2194 Illyricum:
719 2098 844 2173 Galliae
876 2119 1060 2172 nutantes:
1099 2097 1226 2196 perdo·

168 2236 173 2242 ’
243 2218 329 2296 mita
343 2217 531 2307 britannia,
547 2222 579 2291 a
596 2219 712 2297 statim
735 2220 854 2306 mill'a;
872 2242 1000 2294 coorrae
1018 2217 1054 2292 in
1071 2219 1223 2291 nosSar-

140 2326 160 2417 Ἴ.
243 2362 420 2416 matarum
444 2364 483 2412 ac
500 2341 694 2414 Suevorum
720 2361 865 2438 gentes:
895 2340 1097 2416 nobilitatus
1116 2337 1226 2413 cladi·

240 2465 308 2537 bus
332 2459 462 2535 mutuis
478 2460 596 2533 Dacus
612 2475 622 2532 ἑ
651 2480 749 2534 mota
764 2461 869 2535 etiam
891 2461 999 2558 prope
1016 2461 1226 2533 Parthorum

240 2608 338 2659 arma
363 2580 435 2654 salsi
457 2579 611 2654 Neronis
627 2581 795 2658 ludibrio.
844 2584 928 2676 Jam
947 2580 1029 2654 verb
1045 2580 1145 2654 Italia
1162 2605 1225 2651 no·

155 2788 160 2807 ‚
240 2704 294 2780 vis
315 2702 485 2791 cladibus,
515 2702 572 2773 vel
604 2700 680 2796 post
706 2701 851 2799 longam
875 2701 1079 2775 saeculorurn
1106 2698 1229 2777 seriem

239 2822 408 2921 repetitis,
438 2822 588 2896 addida.
637 2821 782 2896 Haustae
804 2842 864 2896 aut
889 2824 1023 2895 obrutae
1046 2823 1151 2894 urbes
1177 2818 1228 2892 fe-

183 2951 185 2956 ’
240 2943 445 3019 cundiffimd
462 2938 664 3036 Campaniae
688 2942 769 3013 orrl:
792 2944 825 3013 &
850 2943 946 3014 Urbs
967 2938 1134 3012 incendiis
1152 2938 1228 3012 vas-

242 3083 328 3152 tata,
352 3058 566 3157 consumptis
583 3058 822 3156 antiquissimis
839 3059 1009 3151 delubris,
1028 3057 1100 3157 ipso
1117 3059 1227 3159 Capi-

239 3182 327 3257 tolio
353 3180 497 3256 civium‘
512 3179 675 3254 manibus
706 3179 869 3255 incenso:
901 3181 1044 3278 pollutae
1069 3179 1229 3256 caerimo-

243 3306 334 3379 niae:
370 3327 501 3399 magna
532 3300 725 3374 adulteria:
769 3304 912 3399 plenum
945 3301 1070 3373 exsiliis
1102 3327 1226 3376 mare:

244 3423 363 3500 infesti
379 3420 533 3498 caedibus
551 3420 682 3519 scopuli
700 3450 708 3496 :
728 3421 880 3499 atrocius
892 3420 929 3493 in
941 3421 1042 3495 Urbe
1058 3406 1229 3496 sae‘vitum.

242 3543 433 3633 Nobilitas,
464 3567 564 3641 opes,
593 3542 705 3616 omissi
729 3541 887 3642 gestique
908 3544 1060 3616 bonores
1081 3568 1144 3639 pro
1162 3542 1231 3615 cri-

244 3666 338 3742 mine
351 3694 363 3753 ;
391 3669 425 3737 &
450 3666 498 3737 ob
520 3663 680 3754 virtutes,
698 3663 918 3737 certissimum
942 3663 1101 3737 exitium.
1150 3665 1232 3735 Nec

182 3790 185 3795 ’
244 3768 359 3886 mitius
373 3785 513 3887 praemia
525 3786 723 3861 delatorum
734 3782 854 3876 invisa,
867 3783 977 3882 quam
987 3781 1129 3860 scelera:
1145 3781 1228 3858 cum
