2844 4704
1138 339 1202 427 161

238 517 393 600 XLIX.
423 516 626 614 Antonius,
653 518 731 627 post
767 521 975 600 Cremonam
996 518 1205 629 stuperbior,
1333 544 1338 556 “

208 720 209 723 ,
236 654 418 762 copiarum
440 671 586 763 partem
613 655 761 732 Verona
792 651 978 763 relinquit,
1005 660 1207 762 partemin

239 787 443 867 Wtelltanos
475 784 627 894 expedit.
685 786 754 866 LI.
796 784 1043 869 Irreverentia
1070 789 1205 887 militis,

235 918 276 997 ob
294 919 441 1029 occistnn
454 920 701 1028 astsratrem
713 911 905 1026 proemium
912 922 1079 1028 petentis.
1111 924 1201 1003 LII.

234 1054 272 1131 F
272 1051 505 1159 estimationem
526 1051 687 1132 Antonii
699 1051 800 1160 apud
816 1057 1059 1160 Vespcfianum
1077 1057 1201 1136 orsini-

235 1203 350 1265 natur
369 1186 600 1266 Mucianus.
639 1186 749 1263 LIII.
781 1188 964 1266 Antonius
967 1189 1138 1296 stuperbis
1156 1189 1209 1268 ad

237 1320 484 1424 Vespcfianum
516 1317 628 1396 literis
659 1315 701 1393 id
724 1317 901 1424 queritur.
958 1315 1203 1427 Indignantes

234 1450 454 1530 Mucianum
471 1448 566 1530 inter
578 1451 621 1528 &
635 1450 832 1531 Antonium
835 1453 1052 1557 simultates.
1094 1454 1202 1535 LIV.

236 1581 412 1676 Vitellius,
429 1581 550 1689 stultu
567 1581 842 1689 diffirnulatione,
863 1587 1080 1692 sraelaru'm
1104 1586 1206 1696 apud

233 1719 444 1796 Cremonam
474 1744 595 1794 rerum
624 1716 766 1794 nuntios
793 1719 961 1797 occultat.
1018 1720 1201 1800 Notabilis

232 1848 427 1956 constantia
440 1848 663 1930 centurionis.
709 1847 797 1929 LV.
830 1849 1004 1946 Vitellius,
1021 1869 1065 1933 ut
1077 1882 1096 1932 e
1094 1857 1198 1960 som

231 2010 275 2060 no
293 1981 441 2077 excitus,
474 1982 705 2090 Apenninum
729 1981 875 2088 obsta'eri
891 1983 1024 2088 jubet:
1055 1986 1201 2066 honores

229 2109 391 2221 laigitur
404 2147 419 2194 .·
450 2113 591 2194 tandem
621 2114 694 2223 ipse
723 2113 760 2190 in
779 2114 895 2218 castra
920 2116 1033 2196 venit.
1090 2120 1198 2199 LVI.

230 2246 417 2354 Prodigia.
481 2246 715 2355 Pracipuurn
733 2243 802 2349 ipſs‘
821 2242 981 2329 Vitellius
998 2246 1199 2362 ostentum:

230 2380 379 2488 ignarus
421 2378 580 2472 militiae,
619 2372 838 2482 improvidus
869 2376 1010 2480 cassfilii,
1051 2379 1199 2480 Romam

227 2514 399 2597 reuertit.
458 2512 592 2593 LVII.
634 2507 911 2590 Puteolanorum
947 2509 986 2588 in
1018 2510 1197 2622 Vespasta-

228 2644 455 2754 numstudia.
502 2645 639 2724 Contra
659 2629 786 2753 Capua
807 2640 1043 2749 Vitelliostda.
1079 2645 1196 2723 Clau-

228 2775 310 2878 dius
328 2777 505 2886 Julianus
525 2773 703 2857 Vitellium
727 2773 863 2884 prodit,
885 2777 929 2855 ὅ
956 2769 1197 2858 Tarracinam

227 2927 388 3020 occupat.
444 2908 591 2987 LVIII.
632 2910 684 2987 L.
717 2908 878 2987 Vitellius
914 2905 1101 3014 ingruenti
1124 2927 1195 3023 per

228 3040 464 3156 Campaniam
482 3040 567 3122 bello
585 3040 786 3149 apponitur.
842 3044 905 3120 Ex
928 3040 1031 3148 plebe
1050 3043 1093 3122 &
1103 3048 1193 3152 ser.

223 3177 329 3258 vitiis
357 3176 491 3282 legitur
510 3173 547 3254 in
568 3174 664 3254 Urbe
681 3172 870 3255 exercitus.
927 3157 986 3252 At
997 3178 1193 3282 paullatim

97 3333 99 3340 '
210 3315 397 3421 senatores
426 3310 469 3388 ἔθ’
487 3306 618 3417 equites
635 3306 858 3388 dilabuntur.
913 3307 1023 3386 LIX.
1054 3310 1191 3392 Flavi·
1295 3392 1298 3402 ,

224 3444 291 3522 ani
306 3440 535 3550 Apenninum
552 3441 742 3546 transeunt
757 3469 771 3517 .·
799 3435 972 3519 Petilium
1002 3444 1191 3541 Cerialem,
1226 3465 1227 3470 ’
1365 3468 1367 3471 ’

221 3575 296 3656 illic
309 3572 465 3669 obvium,
500 3575 543 3653 Θ
564 3569 699 3654 Vitellii
713 3569 880 3679 custodias
903 3573 1066 3682 elapstnn,
1095 3578 1193 3658 inter

64 3712 73 3718 ”
213 3708 323 3795 v(uoces
355 3706 555 3816 afficmunt.
611 3705 702 3786 LX.
744 3702 869 3801 Iidem,
901 3727 1040 3818 pugna
1070 3707 1187 3802 ouidi»

705 3835 754 3917 M
895 3897 900 3907 .
