2806 4694
348 342 754 431 Hrs'rorlrnnum
783 355 896 427 Lra
921 358 968 430 IL
1011 340 1015 345 ¹
1116 378 1160 456 97

172 532 298 608 relictis
314 531 606 629 exploratoribus,
626 552 758 603 ceteros
776 526 987 644 Placentiam
1008 531 1163 638 reduxit,

175 653 291 728 minus
320 653 491 742 turbidos,
519 654 552 724 lle
578 649 727 746 imperia
748 627 970 745 accipientes.
1020 651 1164 725 Solidati

174 773 281 861 muri,
310 773 574 870 propugnacula
599 771 730 859 addita,
750 771 858 842 auclae
877 791 997 860 turres,
1028 763 1166 867 provisa

175 915 359 992 parataque
377 920 449 967 non
473 918 568 965 arma
589 889 713 979 modb,
741 889 796 962 sed
814 887 1020 987 obsequium
1046 896 1079 964 δι
1098 917 1159 988 pa·
1210 960 1211 964 ,

175 1016 272 1090 rendi
291 1041 402 1105 amor,
422 1014 519 1113 quod
538 1012 650 1087 solum
668 1011 736 1084 illis
754 1011 909 1110 partibus
932 1010 1055 1102 defuit,
1079 1013 1163 1086 clam

174 1137 309 1209 virtutis
326 1137 418 1208 haud
438 1133 628 1232 paeniteret.

224 1259 310 1331 XX.
338 1261 397 1328 Ar
414 1254 567 1342 Catina,
594 1255 690 1326 velut
707 1253 822 1326 retina
847 1254 924 1350 post
939 1254 1046 1350 Alpes
1063 1254 1160 1326 saevi-

138 1435 142 1446 .
176 1367 282 1449 tilae
295 1374 443 1462 licentia,
462 1373 617 1446 modesto
634 1375 775 1471 agmine
793 1388 854 1471 per
870 1375 1004 1446 ltaliam
1018 1374 1160 1447 incessit.

180 1500 354 1571 Ornatum
387 1494 506 1592 ipfius,
539 1493 729 1592 municipia
756 1499 789 1567 δι
812 1493 957 1566 coloniae
979 1493 1016 1566 in
1045 1490 1162 1600 super,-

169 1619 271 1692 ¹biam
288 1618 494 1690 trahebant:
521 1615 618 1713 quod
638 1617 839 1688 versicolore
850 1614 984 1712 sagulo,
1003 1616 1158 1723 braccas,

173 1758 314 1837 tegmen
333 1739 537 1826 barbarum,
565 1736 722 1824 indutus,
746 1755 883 1833 togatos
902 1735 1157 1831 adloqueretur.

173 1860 336 1932 Uxorem
360 1882 500 1954 quoque
528 1855 612 1956 ejus,
638 1856 849 1944 Saloninam,
876 1880 1093 1954 quamquam
1120 1856 1157 1929 in

174 1979 301 2052 nullius
318 1975 491 2074 injuriam,
510 1977 650 2076 infignis
668 2002 761 2075 equo
776 1976 939 2073 ostroque
956 1980 1153 2069 veheretur,

172 2119 353 2197 tamquam
371 2100 436 2173 laefi
453 2100 696 2197 gravabantur.
747 2099 848 2170 Insita
873 2098 1076 2172 mortalibus
1092 2125 1154 2171 na-

171 2222 259 2310 tural,
297 2240 472 2295 recentem
500 2218 650 2291 aliorum
683 2216 882 2300 felicitatem
912 2217 1013 2315 aegris
1046 2220 1158 2311 oculis,

171 2339 407 2438 introspicere,
447 2340 667 2434 modumque
693 2335 839 2411 fortuna
868 2356 889 2409 a
916 2336 1018 2410 nullis
1044 2341 1156 2438 magis

172 2460 321 2560 exigere,
349 2462 458 2558 quarn
476 2484 566 2558 quos
583 2459 617 2532 in
635 2460 736 2557 aequo
749 2459 879 2531 videre.
913 2457 1068 2550 Caecina,
1087 2463 1154 2533 Pa-

170 2583 257 2655 dum
281 2580 518 2680 transgreffus,
546 2582 675 2652 tentata
697 2579 978 2677 Othonianorum
996 2581 1066 2686 lide
1093 2607 1156 2678 per

171 2703 399 2799 conloquium
413 2707 446 2775 δι
464 2701 639 2799 promilla,
666 2699 786 2774 iisdem
804 2700 946 2796 petitus,
971 2701 1154 2800 postquam

172 2845 245 2917 pax
264 2826 297 2893 δι
316 2822 502 2893 concordia
518 2820 674 2918 speciohs
704 2827 735 2895 &
755 2820 853 2895 irritis
869 2820 1068 2897 nominibus
1081 2821 1152 2918 jac·

171 2937 350 3039 tatapsunt,
376 2940 512 3014 consilia
528 2941 692 3040 curasque
708 2942 743 3015 in
760 2917 1059 3042 oppugnationem
1075 2945 1153 3044 Pla·

170 3059 291 3133 centiae
322 3073 454 3159 magno
481 3081 609 3136 terrore
642 3064 769 3136 vertit:
805 3090 946 3162 gnarus,
984 3080 1024 3136 ut
1057 3063 1154 3138 initia
1200 3159 1203 3164 .

169 3179 252 3253 belli
270 3179 520 3277 provenissent,
547 3182 679 3257 famam
697 3183 732 3256 in
750 3205 859 3257 cetera
876 3183 962 3257 fore.
1158 3200 1160 3203 ’

215 3303 320 3375 XXI.
345 3304 421 3377 San
447 3303 578 3400 primus
607 3305 694 3393 dies,
730 3304 861 3402 impetu
889 3304 1014 3403 magis,
1044 3307 1154 3404 quam

167 3420 317 3493 veterani
349 3421 521 3496 exercitlls
555 3423 699 3514 artibus,
726 3424 934 3498 transaclus:
968 3426 1076 3522 aperti
1099 3428 1151 3500 in-

165 3541 328 3640 cautique
357 3567 475 3615 muros
494 3541 639 3631 subiere,
664 3543 745 3617 cibo
762 3543 916 3642 vinoque
946 3572 1150 3646 praegraves.

168 3662 208 3733 ln
223 3686 265 3733 eo
272 3663 479 3753 certamine,
499 3663 773 3760 pulcherrimum
786 3665 1029 3763 amphitheatri
1046 3694 1149 3764 opus,

169 3782 269 3855 situm
286 3804 383 3874 extra
400 3810 534 3873 murm,
566 3784 820 3879 conflagravit:
851 3789 918 3859 five
940 3789 984 3859 ab
1011 3810 1150 3882 oppug-

650 3905 689 3976 H
