2806 4694
354 336 756 419 Hrsronruuuu
798 336 908 417 Lar.
943 339 971 411 Ι.
1028 359 1032 364 ·
1092 357 1159 440 «7

173 511 229 590 alii
246 507 434 588 sacerdotia
451 516 485 586 δι
503 510 712 601 consulatus,
729 530 770 585 ut
782 509 903 608 spolia,
920 509 1052 608 adepti,
1075 505 1156 606 pro,
1271 510 1274 519 '

172 634 366 710 curationes
388 633 462 723 alii,
488 638 522 711 δι
547 633 746 713 interiorem
772 632 979 730 potentiam,
999 651 1156 730 agerent,

173 750 300 831 ferrent
317 757 452 831 cuneta.
502 755 597 830 Odio
618 756 651 826 δι
669 772 799 828 terrore
815 752 971 850 corrupti
989 751 1025 828 in
1038 752 1156 827 domi·
1212 815 1216 827 „

171 902 237 951 nos
260 874 362 965 servi,
385 875 423 947 in
450 895 616 972 patronos
645 854 786 983 liberti:
818 879 851 949 &
882 874 1009 971 quibus
1042 874 1158 953 deerat

171 994 350 1086 inunicus,
378 1023 439 1094 per
460 997 592 1073 amicos
616 998 779 1093 oppreffi·
829 996 916 1069 Non
934 1013 1052 1067 remen
1069 990 1156 1070 adeb

172 1116 346 1191 virtutum
361 1098 478 1194 'sterile
493 1117 673 1207 seculum,
691 1137 817 1190 utnon
836 1119 869 1190 &
888 1118 980 1192 bona
992 1115 1157 1212 exempla

173 1238 384 1335 prodiderit.

163 1359 168 1366 ⁴
224 1361 290 1435 lll.
317 1361 549 1435 Courrarrn
577 1357 742 1456 profugos
772 1359 898 1435 liberos
926 1376 1076 1433 matres:
1107 1354 1156 1428 se·
1244 1449 1246 1455 ¹
1337 1384 1365 1436 ’,

172 1497 266 1555 cutae
290 1478 429 1555 maritos
451 1478 486 1553 iu
516 1479 633 1554 exsilia
656 1477 848 1577 conjuges:
877 1475 1067 1574 propinqui
1092 1499 1156 1547 au·
1207 1550 1214 1555 ,
1304 1516 1305 1519 ¹

171 1599 319 1677 dentes:
353 1598 545 1675 constantes
564 1599 706 1698 generi:
736 1619 943 1685 contumax,
971 1595 1077 1675 etiam
1094 1595 1157 1673 ad-

172 1719 290 1797 versus
318 1739 503 1811 tormenta,
532 1718 711 1795 servorum
748 1721 857 1797 fides:
890 1717 1057 1814 suprcmae
1087 1718 1156 1794 cla·

173 1865 293 1913 rorum
310 1840 465 1917 virorum
483 1844 719 1919 neceffitates:
743 1834 815 1938 ipsa
832 1840 1005 1917 necessitas
1026 1836 1159 1913 fortiter

173 1960 341 2037 tolerata:
375 1961 580 2040 &laudatis
598 1960 830 2060 'antiquorum
855 1958 1029 2037 mortibus
1059 1983 1157 2056 pares

171 2079 296 2155 exitus.
362 2084 493 2159 Praeter
525 2081 736 2180 multiplices
777 2107 895 2157 rerum
928 2082 1162 2159 humanarum

170 2199 279 2293 talus,
309 2203 396 2280 caelo
420 2205 580 2302 terraque
606 2202 780 2300 prodigia,
811 2206 844 2275 δι
871 2199 1061 2305 fulminum
1078 2226 1156 2278 mo·

171 2321 330 2413 nitus,&
356 2321 555 2402 futurorum
579 2321 756 2422 praesagia,
783 2325 872 2414 laeta,
895 2321 1017 2411 tristia,
1044 2321 1157 2396 ambi-

173 2468 257 2541 gua,
276 2442 470 2524 manifesta
520 2445 600 2520 Nec
617 2442 722 2521 enim
737 2469 907 2542 umquam
930 2440 1157 2519 atrocioribus

140 2560 142 2565 ⁴
173 2553 298 2662 populi
330 2564 486 2644 Romani
511 2563 686 2655 cladibus,
719 2561 873 2663 magisve
895 2560 996 2660 justis
1020 2560 1159 2640 indiciis

108 2751 110 2754 ,
172 2686 405 2780 adprobatum
434 2689 495 2778 est,
527 2712 601 2763 non
628 2688 695 2765 else
723 2711 812 2761 curae
838 2684 912 2761 deis
939 2683 1157 2763 securitatem

175 2804 342 2908 nostram,
361 2809 428 2881 else
443 2808 624 2887 ultionem.

103 3019 106 3023 V
224 2924 288 2996 IV.
314 2923 512 3002 cerarum
529 2946 715 3024 antequam
744 2925 910 3001 destinata
930 2949 1157 3023 componam,

173 3045 405 3142 repetendum
438 3044 586 3149 ridetur,
627 3046 739 3144 qualis
778 3045 885 3120 status
918 3045 1043 3137 Urbis,
1075 3073 1158 3147 quas

172 3192 272 3244 mens
288 3165 519 3257 exercituum,
532 3166 610 3265 quis
623 3167 763 3245 habitus
776 3163 1051 3264 provinciarum,
1070 3165 1158 3264 quid
1237 3147 1239 3153 '

171 3285 208 3360 in
231 3306 305 3361 toto
327 3306 496 3365 terrarum
518 3277 604 3371 orbe
621 3287 794 3376 validum,
823 3285 909 3384 quid
930 3312 1063 3384 aegrum
1080 3284 1156 3362 fue·

171 3405 236 3480 rit:
264 3427 302 3480 ut
336 3434 408 3483 non
436 3407 546 3484 modb
575 3405 669 3484 casus
697 3405 908 3505 eventusque
935 3432 1065 3498 rerum,
1095 3408 1158 3505 qui

88 3615 104 3629 ..
173 3529 378 3628 plerumque
397 3527 528 3602 fortuiti
543 3525 635 3618 sunt,
661 3526 720 3603 sed
738 3527 826 3601 ratio
843 3528 947 3606 etiam
977 3527 1157 3627 causaeque
1256 3592 1257 3596 ,

171 3647 367 3728 noscantur.
417 3648 513 3724 Finis
532 3640 683 3723 Neronis
699 3668 737 3721 ut
756 3649 853 3728 laetus
870 3648 985 3746 primo
1000 3650 1155 3748 gauden-

171 3768 261 3848 tium
289 3769 425 3870 impetu
444 3769 568 3863 suerat,
589 3767 647 3848 'ita
672 3768 786 3856 varios
808 3791 923 3846 motus
941 3769 1154 3864 animorum,

628 3891 657 3964 B
674 3916 698 3980 4
