2766 4658
332 272 862 417 r'r1srou1liuunri.
900 325 962 407 IV.
1061 345 1127 430 311

158 534 229 588 mo.
277 511 493 585 Trahebatur
518 511 555 585 in
579 508 731 596 diversa;
757 494 838 584 hinc
862 508 991 583 meritis
1016 512 1128 582 Anto·

156 634 218 723 nii,
245 629 341 728 cujus
368 633 476 705 duelu
511 629 710 705 confestum
739 629 964 703 hauddubie
997 630 1130 702 bellum

156 775 240 844 erat,
259 753 340 826 inde
357 751 513 826 Muciani
530 750 703 849 epistolis:
723 752 822 824 simul
839 749 957 840 ceteri,
975 762 1014 821 ut
1038 755 1065 790 “
1077 749 1129 821 in·

158 882 186 918 “
204 874 328 947 festum
359 872 630 969 tumidumque’'
662 870 925 960 insudabantur,
962 865 1132 966 adjunctis

156 994 281 1092 prioris
302 990 385 1066 vitae‘
410 992 634 1065 criminibus:
665 1014 778 1090 neque
804 989 871 1088 ipse
895 990 1012 1062 deerat
1030 990 1130 1062 adro

158 1113 276 1211 gantia
303 1135 439 1199 vocare¹
462 1111 617 1202 offensas,
651 1112 777 1185 nimius
803 1110 1131 1199 commemorandis,

158 1258 238 1331 quae
257 1234 439 1308 meruisset.
491 1239 518 1274 “
539 1232 664 1305 Alior’
681 1246 720 1305 ut
742 1240 769 1278 “
783 1232 978 1321 imbelles,'’
1008 1232 1157 1307 “.Cae-'

159 1361 187 1396 “
206 1352 345 1426 cinam”
366 1372 406 1424 ut
424 1359 452 1395 “
466 1352 644 1449 captivum
661 1379 701 1426 ac
718 1351 944 1425 dediticium”
965 1352 1130 1449 increpat.

158 1472 267 1548 Unde
289 1472 467 1570 paullatim
493 1473 602 1545 levior
622 1472 791 1569 viliorque
814 1472 944 1562 haberi,
971 1477 1131 1546 manente
1203 1469 1209 1482 '

78 1589 80 1592 ’
159 1611 275 1668 tamen
294 1593 493 1692 inspeciem
510 1590 673 1666 amicitia.
815 1587 821 1595 ’

198 1716 374 1788 LXXXI.
401 1717 479 1788 Pru
504 1725 562 1787 eos
589 1712 733 1805 menses,
758 1713 883 1812 quibus
909 1710 1131 1810 Vespafianul

156 1835 379 1910 Alexandria
410 1835 511 1908 statos
537 1834 662 1907 aestivis
692 1834 830 1907 flatibus
858 1833 944 1925 dies,
973 1836 1006 1906 ἃ
1041 1848 1132 1908 certa

155 1955 270 2044 maris,
289 1955 544 2052 opperiebatur,
570 1956 679 2027 multa
690 1954 854 2027 'miracula
870 1956 1027 2044 evenere,
1052 1955 1131 2052 qula

156 2076 229 2150 caeli
255 2068 365 2165 favor,
396 2081 429 2148 ὅτ
449 2072 610 2172 quaedam
634 2075 669 2147 in
686 2073 928 2171 Vespasianum
954 2060 1131 2148 inclinatio

153 2197 341 2270 numinum
372 2195 617 2268 ostenderetur.
680 2197 738 2267 Eu
764 2196 866 2291 plebe
894 2197 1158 2270 Alexandrind'

154 2318 313 2414 quidam,
338 2318 522 2389 oculorum
542 2318 621 2389 tabe
645 2334 762 2405 notus,
788 2304 902 2412 genua
923 2313 993 2413 ejus
1010 2297 1132 2388 advob

155 2436 262 2525 vitur,
294 2434 533 2508 “remedium
556 2431 741 2509 caecitatis''
768 2433 953 2532 exposcens
981 2435 1130 2533 gemitu,

156 2556 290 2628 monitu
307 2556 478 2651 Serapidis
489 2556 559 2645 dei,
578 2580 684 2655 quem
702 2555 820 2629 dedita
837 2553 1132 2653 superstitionibus

157 2692 242 2772 gens
267 2692 345 2747 ante
373 2676 458 2748 alios
486 2678 586 2750 colit:
623 2680 892 2774 precabaturque
917 2675 1129 2773 Principem,

112 2802 113 2805 ’
158 2801 185 2846 “
203 2814 241 2866 ut
265 2815 368 2891 genas
392 2799 630 2870 &oculorum
658 2800 759 2872 orbes
781 2797 982 2896 dignaretur
1001 2795 1131 2894 respers

157 2923 284 3012 “gere
312 2914 379 2985 oris
396 2919 663 2991 ,excrementoss'
712 2918 814 2991 Alius
844 2940 986 2990 manuni
1022 2901 1159 3016 aeger,

136 3036 280 3109 eodem
304 3035 374 3106 deo
388 3037 540 3125 auctore,
565 3042 592 3079 ⁶‘
609 3053 647 3109 ut
672 3039 760 3134 pede
776 3064 815 3111 ac
833 3016 982 3136 vestigio
994 3032 1132 3112 Caesaris

156 3164 186 3215 ‘‹‘
204 3156 431 3244 calcaretur,''
461 3160 589 3229 orabat.
655 3154 877 3254 Vespafianus
912 3158 1022 3257 primo
1050 3160 1131 3232 inri-

155 3280 250 3367 dere,
273 3273 462 3374 aspernari3
490 3298 593 3373 atque
619 3278 685 3350 illis
710 3277 926 3367 instantibus,
950 3279 1057 3353 modb
1080 3279 1132 3354 fas

76 3460 83 3467 ,.
157 3423 253 3473 marn
277 3380 438 3469 vanitatis
461 3417 625 3484 metuere,
639 3395 760 3469 modo
781 3394 1015 3472 obsecratione
1041 3400 1134 3498 ipso·-

85 3510 101 3547 '³
157 3544 250 3607 rum,
276 3524 308 3590 ἂ
327 3517 470 3590 vocibus
494 3515 709 3589 adulantium
727 3518 761 3588 in
778 3515 874 3614 spem·
890 3512 1032 3592 induci:
1053 3518 1130 3616 poss

157 3638 270 3711 tremb
286 3637 469 3712 existimari
493 3663 514 3710 a
537 3635 680 3709 medicis
695 3632 810 3732 jubet,
834 3664 880 3710 an
907 3640 980 3711 talis
996 3640 1132 3712 caecitas
1228 3672 1231 3682 ·

159 3782 199 3833 ac
213 3757 373 3837 debilitas
391 3759 627 3881 opeshumana
651 3753 852 3853 superabiles
875 3756 998 3832 forent.
1047 3758 1128 3830 Me-

602 3877 636 3951 X
661 3903 686 3968 4
