2766 4658
300 359 551 435 Drnroous
590 373 648 426 nn
682 353 1012 445 Onnronrnus.
1099 377 1149 451 49

161 532 252 608 sunt.
302 535 364 608 Ex
388 532 443 607 his
467 528 615 628 intelligi
642 529 756 626 potest
778 529 850 604 Cn·
873 526 1084 627 Pompeium
1110 528 1146 600 δι

161 654 331 730 Marcum
345 654 503 728 Crassum
521 677 594 727 non
610 650 743 726 viribus
767 649 876 724 modd
892 655 926 724 δι
944 647 1062 738 armis,
1087 645 1148 720 sed

161 773 306 874 ingenio
323 799 467 873 quoque
484 777 519 847 bc
544 769 701 845 oratione
718 769 879 845 valuiffe:
897 772 1086 858 Lentulos,
1112 770 1148 842 a

32 950 36 957 .
107 882 109 885 ⁵
159 895 341 986 Metellos,
363 893 402 967 δι
433 892 622 980 Lucullos,
652 895 687 965 bc
715 890 897 980 Curiones,
929 894 963 966 &
996 910 1147 963 ceteram

158 1039 348 1113 procerum
376 1039 539 1104 manum,
567 1013 723 1085 mult'um
751 1011 788 1083 in
810 1011 864 1083 his
885 1011 1004 1084 studiis
1030 1035 1148 1109 opera

159 1159 328 1232 curaeque
354 1131 527 1233 posuisse:
555 1157 621 1206 nec
648 1154 864 1227 quemquam
886 1129 954 1203 illis
981 1130 1147 1228 tempori·

108 1253 125 1322 ξ’
158 1257 228 1331 bus
254 1280 423 1356 magnam
449 1252 659 1353 potentiam,
691 1256 761 1327 fine
786 1248 998 1350 eloquentia,
1029 1250 1147 1327 conse·

158 1393 295 1451 cutum.
345 1374 416 1452 His
426 1375 614 1458 accedebat
630 1373 793 1471 splendor
808 1397 938 1462 rerum,
956 1371 993 1444 δι
1008 1371 1146 1470 magni·

159 1497 249 1572 tudo
263 1495 456 1589 caularum,
481 1522 561 1595 quae
579 1493 704 1592 &ipsa
730 1492 924 1592 plurimum
940 1491 1149 1590 eloquentia

159 1618 334 1716 praestant.
398 1619 496 1693 Nam
536 1616 690 1692 multum
721 1613 875 1705 interest,
908 1633 1075 1688 utrumne
1100 1615 1148 1688 de

158 1735 269 1829 furto,
286 1761 346 1814 aut
362 1737 524 1832 formuli,
542 1738 581 1811 &
597 1736 781 1812 interdislo
797 1734 988 1809 dicendum
1004 1735 1151 1825 habeas,

159 1884 206 1934 an
221 1860 268 1934 dc
283 1858 420 1960 ambitu
436 1857 675 1948 comitiorum,
693 1855 854 1955 expilatis
869 1855 982 1948 sociis,
1001 1858 1036 1930 δι
1059 1855 1147 1931 civi-

158 1981 228 2055 bus
267 1980 465 2056 trucidatis:
503 2006 582 2080 quae
621 1981 714 2054 mala
753 1980 839 2052 licut
880 2002 954 2050 non
987 1975 1147 2052 accidere

48 2177 55 2197 ,
159 2100 284 2175 melius
313 2102 377 2192 est,
405 2101 503 2200 isque
524 2100 681 2199 optimus
707 2097 857 2172 civitatis
883 2096 988 2172 slatus
1015 2100 1148 2173 haben·
1216 2143 1221 2156 =

157 2221 226 2295 dus
250 2220 313 2310 est,
339 2245 414 2314 quo
438 2218 526 2292 nihil
541 2220 611 2292 tale
634 2216 807 2314 patimurr
834 2215 883 2288 ita
903 2217 987 2289 ciam
1008 2217 1146 2292 accide-
1229 2222 1231 2224 ’

157 2359 250 2427 rent,
297 2337 479 2435 ingentem
519 2335 728 2434 eloquentia
763 2334 945 2411 materiam
981 2334 1149 2412 submini-

158 2457 325 2533 strabant.
374 2454 504 2532 Crescit
534 2455 631 2530 enim
662 2481 745 2531 curn
772 2455 1006 2554 amplitudine
1033 2473 1153 2533 rerum

159 2578 213 2653 vis
239 2574 386 2678 ingenii,
420 2601 487 2652 nec
520 2575 703 2674 quisquam
735 2578 864 2653 claram
897 2582 932 2652 δι
963 2578 1145 2655 inlustrem

158 2697 354 2773 orationem
377 2697 515 2802 edicere
541 2698 668 2797 potest,
695 2697 758 2773 nili
780 2697 843 2798 qui
864 2698 1002 2774 causam
1024 2725 1146 2797 parem

159 2816 303 2894 invenit
340 2819 440 2909 Non,
459 2818 596 2918 opinor,
614 2819 889 2896 Demosthenem
906 2820 1077 2894 orationes
1094 2821 1147 2895 in·

106 3035 109 3051 Ι
160 2939 319 3030 lustrant,
352 2963 440 3036 quas
470 2940 637 3014 adversus
661 2960 791 3015 tutores
818 2940 894 3016 suos
923 2939 1118 3038 composuit
1134 2971 1152 3017 r.

158 3086 225 3138 nec
241 3060 471 3150 Ciceronem,
496 3086 667 3160 magnum
698 3080 872 3136 oratorem
906 3064 948 3136 P.
980 3061 1148 3162 Qrintius

158 3180 316 3257 defensus
331 3201 391 3257 aut
406 3181 566 3257 Licinius
582 3183 729 3258 Archias
743 3182 894 3258 faciunt:
921 3182 1085 3276 Catilina,
1107 3183 1147 3258 δι
1248 3171 1250 3175 ’

158 3300 268 3393 Milo,
288 3307 322 3377 δι
339 3306 476 3395 Verres,
495 3304 739 3395 &Antonius
758 3306 848 3381 hanc
865 3303 915 3378 illi
931 3302 1146 3383 famam'cir·

159 3423 438 3501 cumdedenmt:
457 3450 544 3516 non,
555 3424 639 3523 quia
649 3424 736 3499 tanti
747 3423 812 3500 fuit
824 3425 1024 3525 reipublicae
1035 3429 1147 3501 malos

159 3540 245 3618 ferre
256 3544 365 3639 cives,
381 3565 422 3621 ut
441 3549 589 3624 uberem
605 3548 650 3622 ad
666 3545 858 3624 dicendum
876 3547 1055 3622 materiam
1067 3571 1145 3620 ora·
1241 3645 1244 3652 Ι

159 3681 250 3738 tores
264 3667 430 3744 haberent
446 3697 455 3742 ε
474 3667 547 3759 sed,
563 3686 603 3743 ut
618 3667 763 3743 subinde
780 3670 968 3760 admoneo,
986 3664 1145 3766 quaestio·

158 3783 213 3862 nis
228 3788 501 3886 meminerimus,
522 3787 737 3889 sciamusque
759 3816 823 3868 nos
845 3791 892 3867 de
915 3793 954 3866 efi
977 3812 1012 3861 re
1036 3785 1145 3884 loqui,

638 3912 673 3987 E
