2766 4658
208 360 211 378 l

235 387 307 464 30⁰
470 359 513 431 C.
543 360 814 432 Conuenit
843 359 1043 432 Tncrrl

231 510 393 632 epistolae,
422 535 569 608 nomine
591 535 797 624 Galliarum,
825 541 912 607 “ut
935 532 1145 606 abstinerent
1161 558 1216 607 ar·

233 663 261 698 “
281 655 359 745 mis,
387 656 599 752 impetrabili
621 655 737 745 venial,
767 661 799 728 ἃ
826 652 951 753 paratis
977 654 1212 750 deprecatori-

232 783 260 820 “
280 780 359 866 bus,
388 779 410 848 sr
442 775 654 874 paeniteret.”
706 775 846 848 Restitit
880 776 974 849 idem
1005 774 1213 849 Valentinus

229 896 468 992 obstruxitque
486 895 631 968 civitatis
653 895 720 968 suae
739 921 850 984 aures,
881 896 976 968 haud
992 895 1135 993 perinde
1151 896 1210 977 in-

230 1018 393 1092 struendo
419 1019 512 1091 bello
539 1016 704 1106 intentus,
744 1017 851 1114 quim
886 1013 1045 1114 frequens
1074 1016 1212 1089 concio·

235 1140 349 1213 nibus.

280 1263 401 1334 LXX.
427 1263 569 1333 lorrun
595 1286 665 1332 non
687 1258 848 1347 Treveri,
880 1284 993 1356 neque
1020 1259 1215 1357 Lingones,

235 1402 402 1455 ceteraeve
420 1380 603 1453 rebellium
622 1380 792 1468 civitates,
813 1406 876 1478 pro
894 1378 1137 1478 magnitudine
1153 1378 1219 1451 suf·
1290 1403 1293 1410 ·

233 1501 327 1599 cepti
360 1499 565 1573 discriminis
594 1504 707 1598 agere.
760 1504 819 1573 Ne
848 1502 955 1575 duces
984 1500 1143 1603 quidem,
1181 1499 1217 1571 in

179 1646 182 1654 “
237 1648 349 1695 unum
367 1620 554 1694 consulere.
579 1684 580 1687 ,
604 1622 672 1693 Sed
692 1620 825 1711 Civilis,
857 1622 932 1694 avia
948 1622 1132 1718 Belgarum
1150 1618 1217 1691 cir·
1324 1651 1327 1660 ·

234 1742 413 1825 curuiba13
441 1742 529 1813 dum
551 1742 742 1814 Claudium
759 1744 970 1815 Labeonem
991 1766 1126 1837 capere,
1156 1761 1218 1810 aut

233 1863 417 1932 exturbare
433 1860 565 1933 nititur.
608 1863 787 1951 Clafficus,
809 1861 913 1961 segne
928 1866 1133 1960 plerumque
1149 1860 1217 1932 oti·

233 2007 296 2054 um
319 1981 471 2069 trahens,
501 1981 598 2052 uelut
626 2004 723 2078 parto
752 1972 898 2079 imperio
921 1982 1111 2056 fruebatur.
1161 1983 1220 2054 Ne

141 2124 142 2127 ’
235 2104 350 2176 Tutor
376 2100 523 2198 quidem
549 2103 742 2176 maturavit
774 2101 982 2212 superiorem
1016 2103 1217 2174 Germaniae

236 2223 362 2322 ripam,
391 2228 424 2295 &
443 2223 552 2296 ardua
569 2223 719 2320 Alpium
746 2223 906 2321 praesidiis
927 2224 1094 2296 claudere.
1145 2227 1214 2294 At-

235 2371 305 2443 que
326 2343 465 2417 interim
483 2343 746 2418 unoetvicesimo
771 2345 864 2442 legio
882 2329 1098 2432 Vindonilsrl,
1130 2346 1216 2416 Sex-

236 2466 330 2540 tilius
343 2467 442 2539 Felrx
460 2491 542 2539 cum
559 2465 745 2538 auxiliariis
758 2464 963 2539 cohortibus
976 2491 1036 2562 per
1053 2461 1220 2552 Raetiam,

234 2588 408 2684 inrupere.
459 2589 609 2661 Accessit
634 2589 690 2658 ala
718 2586 968 2684 Singularium,
998 2586 1112 2659 excita
1135 2585 1222 2658 olim

236 2708 429 2799 aVitelli0,
454 2706 582 2780 deiude
601 2706 638 2779 in
665 2729 777 2804 partes
796 2706 989 2804 Vespasiani
1009 2708 1223 2805 transgressa.

234 2831 385 2904 Praeerat
411 2828 527 2924 Julius
544 2826 772 2925 Briganticus,
800 2826 911 2901 sorore
929 2828 1051 2902 Civilis
1071 2828 1223 2927 genitus,

237 2971 278 3027 ut
298 2950 405 3024 ferme
422 2947 586 3022 acerrima
608 2946 852 3044 proximorum
870 2949 952 3021 odia
974 2948 1066 3038 sunt,
1096 2947 1224 3023 inuisus

186 3127 189 3141 .,
236 3073 413 3144 avunculo
430 3068 658 3167 infensusque.
700 3071 815 3141 Tutor
832 3071 1071 3143 Treverorum
1089 3070 1223 3166 copias,

123 3205 131 3215 “
236 3192 365 3264 recenti
382 3192 623 3289 Vangionum,
646 3188 891 3280 Caeracatium,
911 3191 1145 3265 Tribocorum
1161 3191 1222 3261 de·

238 3312 329 3383 lectu
342 3315 472 3402 suetas,
485 3333 648 3385 veterano
667 3309 782 3408 pedite
798 3331 904 3407 atque
920 3300 1039 3410 equite
1056 3309 1221 3398 firmavit,
1302 3319 1311 3340 ⁸

238 3432 408 3527 corru'ptis
435 3430 508 3529 spe,
534 3455 593 3506 aut
615 3453 712 3505 metu
734 3429 882 3504 subactis
907 3429 1127 3530 legionariis:
1161 3428 1225 3525 qui

240 3550 356 3653 primi)
377 3551 573 3643 cohortem,
600 3552 809 3649 praemillam
826 3552 1004 3626 aSextilio
1018 3547 1145 3637 Felice,
1170 3548 1225 3619 in-

239 3673 436 3753 terficiunt3
466 3696 551 3744 rnox
578 3675 638 3747 ubi
655 3675 762 3746 duces
779 3673 1022 3771 exercitusque
1040 3674 1228 3751 Romanus

240 3792 538 3897 propinquabant,
566 3793 710 3867 honesto
726 3791 919 3892 transfugio
936 3793 1095 3869 rediere:
1128 3791 1222 3864 seeu-
