2844 4704
272 367 338 442 172
492 343 1067 423 econnanrcm

268 515 405 593 modici
422 519 604 617 &vulgari
621 518 809 610 mentione,
835 521 929 593 nulld
945 519 979 593 in
997 517 1241 616 Vespasianum

267 637 499 711 contumelia:
529 638 614 712 nihil
640 639 786 737 prorsus,
817 640 914 737 quod
931 660 989 713 aut
1006 658 1244 735 corrumperet

265 758 414 848 hostem,
429 779 488 831 aut
505 779 654 832 terreret.
703 759 944 833 Flavianarum
958 759 1108 856 partium
1120 761 1241 847 duces,

265 875 385 951 omissas
403 862 528 975 prioris
546 877 695 953 sortunae
720 879 930 970 defensione,
958 907 1020 978 pro
1036 879 1241 977 Vespasrano

265 1000 466 1098 magnifice,
496 1024 559 1095 pro
577 1004 679 1071 causd
695 1001 853 1090 fidenter,
878 1002 923 1073 de
946 1001 1042 1074 exitu
1061 988 1187 1088 securi,
1206 997 1245 1070 in

264 1119 446 1194 Vitellium
470 1140 509 1190 ut
534 1118 680 1207 inimici,
708 1118 953 1216 praesumpsdre
961 1150 972 1206 ;
996 1118 1083 1215 faut
1094 1117 1246 1193 tribunis

264 1236 590 1334 centurionibusque
625 1237 855 1329 “-retinendi,
888 1265 965 1336 quae
998 1238 1157 1312 Vitellius
1190 1236 1245 1311 in·

267 1366 298 1403 “
317 1359 504 1448 dulsrsset,''
529 1356 611 1455 spe:
640 1379 745 1456 atque
770 1357 881 1455 ipsum
897 1358 1078 1433 Caecinam
1091 1376 1165 1431 ¹non
1181 1360 1247 1432 ob·

267 1480 362 1553 scure
380 1481 426 1552 ad
449 1478 681 1552 transitionem
707 1481 939 1552 hortabantur.
990 1479 1159 1554 Recitatae
1184 1504 1247 1576 pro

268 1601 436 1676 concione
461 1599 612 1696 epistolae
639 1599 803 1671 addidere
831 1597 1011 1688 fiduciam,
1046 1598 1142 1696 qubd
1165 1591 1245 1673 sub·

266 1719 367 1794 missi?
381 1715 531 1808 Caecina,
546 1702 641 1791 velut
653 1718 827 1791 offendere
844 1715 1086 1814 Vespasianum
1105 1717 1245 1808 timens,

267 1839 420 1936 ipsorum
444 1838 548 1911 duces
572 1837 817 1934 contemptim,
846 1859 1027 1936 tamquam
1050 1837 1247 1912 insultantes
1329 1856 1331 1859 ’

267 1959 424 2048 Vitellio,
450 1957 658 2054 scripfiffent.
1244 2053 1246 2063 y

316 2083 365 2154 X.
390 2084 587 2152 Anvnuru
606 2077 733 2151 deinde
743 2080 893 2152 duarum
911 2079 1106 2177 legionum,
1134 2080 1245 2178 equi-

267 2204 334 2277 bus
346 2199 482 2273 tertiam
499 2198 628 2272 Dillius
644 2198 865 2295 Aponianus,
892 2201 1049 2272 oslavam
1068 2199 1248 2273 Numifius

201 2404 204 2415 ¹
231 2320 236 2330 ¹
268 2325 396 2420 Lupus
411 2321 600 2408 ducebant,
626 2298 801 2393 ostentare*
818 2319 920 2409 vires,
947 2323 980 2391 δι
998 2319 1136 2392 militari
1152 2320 1249 2391 vallo

269 2445 444 2516 Veronam
477 2440 691 2513 circumdare
720 2439 859 2537 placuit.
928 2440 1031 2512 Forte
1063 2438 1267 2542 Galbianae*

269 2561 400 2662 legioni
415 2561 451 2635 in
468 2561 608 2635 adversi
623 2558 734 2634 stonte
750 2560 832 2633 valli
849 2586 935 2658 opus
960 2562 1114 2649 cesserat,
1134 2564 1167 2632 ἃ
1187 2559 1250 2633 vifi

271 2683 394 2780 procul
422 2681 593 2754 sociorum
620 2681 769 2778 equites,
797 2707 921 2753 vanam
947 2678 1187 2769 formidinem,
1212 2700 1252 2753 ut

270 2802 397 2891 hosteS,
423 2799 545 2875 fecsse.
597 2800 797 2898 Rapiuntur
813 2827 921 2890 arma,
950 2805 997 2890 ἃ,
1023 2820 1061 2873 ut
1080 2799 1250 2898 proditio-

270 2925 338 3012 nis,
366 2923 413 2995 ira
431 2923 584 2997 militum
611 2923 647 2996 in
664 2925 711 2994 T.
730 2923 902 3019 Ampium
918 2921 1127 2996 Flavianum
1152 2921 1250 2994 incu-

270 3043 362 3129 buit,
391 3044 489 3116 nullo
514 3043 665 3118 criminis
689 3064 907 3140 argumeut0,
937 3041 993 3116 sed
1014 3041 1089 3139 jam
1115 3042 1250 3138 pridem

271 3159 413 3249 invisus,
447 3164 582 3237 turbine
611 3163 765 3260 quodam
790 3165 833 3237 ad
862 3163 1007 3236 exitium
1031 3162 1247 3259 poscebatur:

204 3332 206 3336 -
275 3282 562 3380 “propinquum
592 3282 736 3371 Vitellii,
764 3283 978 3379 proditorem
1005 3282 1168 3372 Othonis,
1196 3264 1252 3355 inss

275 3410 304 3447 “
324 3423 551 3498 terceptorem
580 3402 762 3475 donativi''
797 3404 1032 3477 clamitabant.
1082 3405 1161 3476 Nec
1188 3402 1251 3474 de·

273 3522 416 3601 sensroui
435 3523 543 3610 locus,
575 3534 789 3621 quamquam
808 3523 977 3621 supplices
996 3550 1118 3597 manus
1133 3523 1254 3595 tende·

275 3630 341 3735 ret,
368 3642 466 3717 humi
484 3642 687 3740 plerumque
704 3645 839 3733 stratus,
871 3646 980 3717 laceri
996 3644 1102 3734 veste,
1133 3644 1253 3740 pestus

275 3789 379 3868 atque
403 3789 464 3841 ora
488 3762 638 3863 singultu
664 3764 846 3863 quatiens:
878 3763 917 3837 id
943 3763 1057 3864 ipsum
1080 3763 1176 3864 apud
1197 3762 1251 3837 iu-
