<?xml version="1.0" encoding="UTF-8"?>
<!DOCTYPE html PUBLIC "-//W3C//DTD XHTML 1.0 Transitional//EN"
    "http://www.w3.org/TR/xhtml1/DTD/xhtml1-transitional.dtd">
<html xmlns="http://www.w3.org/1999/xhtml" xml:lang="en" lang="en">
 <head>
  <title>
</title>
<meta http-equiv="Content-Type" content="text/html;charset=utf-8" />
  <meta name='ocr-system' content='tesseract 3.04.00' />
  <meta name='ocr-capabilities' content='ocr_page ocr_carea ocr_par ocr_line ocrx_word'/>
</head>
<body>
  <div class='ocr_page' id='page_1' title='image "./ccorneliitaciti01freigoog_0313.png"; bbox 0 0 2766 4658; ppageno 0'>
   <div class='ocr_carea' id='block_1_1' title="bbox 235 289 988 434">
    <p class='ocr_par' dir='ltr' id='par_1_1' title="bbox 235 289 988 434">
     <span class='ocr_line' id='line_1_1' title="bbox 235 289 988 434; baseline 0 -24"><span class='ocrx_word' id='word_1_1' title='bbox 235 338 305 434; x_wconf 88' lang='lat'>308</span> <span class='ocrx_word' id='word_1_2' title='bbox 426 289 427 295; x_wconf 14' lang='lat' dir='ltr'>i</span> <span class='ocrx_word' id='word_1_3' title='bbox 459 337 500 411; x_wconf 87' lang='lat' dir='ltr'>C.</span> <span class='ocrx_word' id='word_1_4' title='bbox 538 337 783 411; x_wconf 73' lang='lat' dir='ltr'>Cunnum</span> <span class='ocrx_word' id='word_1_5' title='bbox 810 334 988 410; x_wconf 77' lang='lat' dir='ltr'>Tncm</span> 
     </span>
    </p>
   </div>
   <div class='ocr_carea' id='block_1_2' title="bbox 120 497 1285 3852">
    <p class='ocr_par' dir='ltr' id='par_1_2' title="bbox 120 497 1285 3852">
     <span class='ocr_line' id='line_1_2' title="bbox 279 497 1209 609; baseline 0.003 -26"><span class='ocrx_word' id='word_1_6' title='bbox 279 508 464 583; x_wconf 87' lang='lat' dir='ltr'><strong>LXXVII.</strong></span> <span class='ocrx_word' id='word_1_7' title='bbox 491 511 636 583; x_wconf 76' lang='lat' dir='ltr'>Mnmn</span> <span class='ocrx_word' id='word_1_8' title='bbox 666 510 754 584; x_wconf 74' lang='lat' dir='ltr'>acies</span> <span class='ocrx_word' id='word_1_9' title='bbox 784 511 887 585; x_wconf 88' lang='lat' dir='ltr'>Ubiis</span> <span class='ocrx_word' id='word_1_10' title='bbox 915 497 1209 609; x_wconf 85' lang='lat' dir='ltr'>Lingonibusque</span> 
     </span>
     <span class='ocr_line' id='line_1_3' title="bbox 236 629 1210 716; baseline 0.004 -15"><span class='ocrx_word' id='word_1_11' title='bbox 236 630 333 701; x_wconf 85' lang='lat' dir='ltr'>data:</span> <span class='ocrx_word' id='word_1_12' title='bbox 358 629 483 700; x_wconf 88' lang='lat' dir='ltr'>dextro</span> <span class='ocrx_word' id='word_1_13' title='bbox 505 653 613 701; x_wconf 90' lang='lat' dir='ltr'>cornu</span> <span class='ocrx_word' id='word_1_14' title='bbox 634 631 791 703; x_wconf 85' lang='lat' dir='ltr'>cohortes</span> <span class='ocrx_word' id='word_1_15' title='bbox 813 634 1049 716; x_wconf 81' lang='lat' dir='ltr'>Batavorum&#39;3</span> <span class='ocrx_word' id='word_1_16' title='bbox 1076 630 1210 705; x_wconf 79' lang='lat' dir='ltr'>finistro</span> 
     </span>
     <span class='ocr_line' id='line_1_4' title="bbox 234 747 1243 846; baseline 0.005 -24"><span class='ocrx_word' id='word_1_17' title='bbox 234 747 383 822; x_wconf 68' lang='grc' dir='ltr'>Βωέὶεῑί</span> <span class='ocrx_word' id='word_1_18' title='bbox 401 748 650 845; x_wconf 66' lang='lat' dir='ltr'>Tenoletique:</span> <span class='ocrx_word' id='word_1_19' title='bbox 680 775 759 846; x_wconf 83' lang='lat' dir='ltr'>pars</span> <span class='ocrx_word' id='word_1_20' title='bbox 784 751 984 836; x_wconf 89' lang='lat' dir='ltr'>montibus;</span> <span class='ocrx_word' id='word_1_21' title='bbox 1014 750 1087 839; x_wconf 86' lang='lat' dir='ltr'>alii,</span> <span class='ocrx_word' id='word_1_22' title='bbox 1112 749 1209 825; x_wconf 88' lang='lat' dir='ltr'>viam</span> <span class='ocrx_word' id='word_1_23' title='bbox 1237 809 1243 827; x_wconf 91' lang='lat'>.</span> 
     </span>
     <span class='ocr_line' id='line_1_5' title="bbox 232 865 1210 967; baseline 0.004 -28"><span class='ocrx_word' id='word_1_24' title='bbox 232 867 316 947; x_wconf 87' lang='lat' dir='ltr'>inter</span> <span class='ocrx_word' id='word_1_25' title='bbox 327 865 580 965; x_wconf 81' lang='lat' dir='ltr'>Mosellamque</span> <span class='ocrx_word' id='word_1_26' title='bbox 593 871 737 958; x_wconf 84' lang='lat' dir='ltr'>flumen,</span> <span class='ocrx_word' id='word_1_27' title='bbox 750 890 820 942; x_wconf 88' lang='lat' dir='ltr'>tam</span> <span class='ocrx_word' id='word_1_28' title='bbox 838 870 1014 967; x_wconf 78' lang='lat' dir='ltr'>improvisi</span> <span class='ocrx_word' id='word_1_29' title='bbox 1032 871 1210 960; x_wconf 62' lang='lat' dir='ltr'>adsiluere,</span> 
     </span>
     <span class='ocr_line' id='line_1_6' title="bbox 232 987 1212 1089; baseline 0.002 -27"><span class='ocrx_word' id='word_1_30' title='bbox 232 1007 269 1062; x_wconf 86' lang='lat' dir='ltr'>ut</span> <span class='ocrx_word' id='word_1_31' title='bbox 286 987 320 1060; x_wconf 91' lang='lat' dir='ltr'>in</span> <span class='ocrx_word' id='word_1_32' title='bbox 338 990 500 1062; x_wconf 84' lang='lat' dir='ltr'>eubiculo</span> <span class='ocrx_word' id='word_1_33' title='bbox 517 1015 556 1062; x_wconf 86' lang='lat' dir='ltr'>ac</span> <span class='ocrx_word' id='word_1_34' title='bbox 573 990 700 1061; x_wconf 70' lang='lat' dir='ltr'>leonto</span> <span class='ocrx_word' id='word_1_35' title='bbox 711 989 852 1062; x_wconf 85' lang='lat' dir='ltr'>Cerialis</span> <span class='ocrx_word' id='word_1_36' title='bbox 866 997 1001 1089; x_wconf 87' lang='lat' dir='ltr'>(neque</span> <span class='ocrx_word' id='word_1_37' title='bbox 1017 994 1110 1063; x_wconf 86' lang='lat' dir='ltr'>enim</span> <span class='ocrx_word' id='word_1_38' title='bbox 1126 1016 1212 1064; x_wconf 92' lang='lat' dir='ltr'>noc·</span> 
     </span>
     <span class='ocr_line' id='line_1_7' title="bbox 234 1108 1260 1208; baseline 0.003 -27"><span class='ocrx_word' id='word_1_39' title='bbox 234 1129 304 1183; x_wconf 90' lang='lat' dir='ltr'>tem</span> <span class='ocrx_word' id='word_1_40' title='bbox 327 1109 364 1182; x_wconf 92' lang='lat' dir='ltr'>in</span> <span class='ocrx_word' id='word_1_41' title='bbox 380 1108 496 1183; x_wconf 85' lang='lat' dir='ltr'>castris</span> <span class='ocrx_word' id='word_1_42' title='bbox 511 1111 644 1207; x_wconf 85' lang='lat' dir='ltr'>egerat)</span> <span class='ocrx_word' id='word_1_43' title='bbox 662 1109 805 1208; x_wconf 80' lang='lat' dir='ltr'>pugnari</span> <span class='ocrx_word' id='word_1_44' title='bbox 825 1111 939 1197; x_wconf 87' lang='lat' dir='ltr'>fimul,</span> <span class='ocrx_word' id='word_1_45' title='bbox 957 1110 1120 1207; x_wconf 88' lang='lat' dir='ltr'>vincique</span> <span class='ocrx_word' id='word_1_46' title='bbox 1133 1109 1210 1184; x_wconf 71' lang='lat' dir='ltr'>suos</span> <span class='ocrx_word' id='word_1_47' title='bbox 1258 1154 1260 1162; x_wconf 93' lang='lat'>·</span> 
     </span>
     <span class='ocr_line' id='line_1_8' title="bbox 234 1228 1209 1327; baseline 0 -25"><span class='ocrx_word' id='word_1_48' title='bbox 234 1228 394 1320; x_wconf 82' lang='lat' dir='ltr'>audierit,</span> <span class='ocrx_word' id='word_1_49' title='bbox 421 1228 600 1327; x_wconf 83' lang='lat' dir='ltr'>increpans</span> <span class='ocrx_word' id='word_1_50' title='bbox 625 1255 789 1326; x_wconf 87' lang='lat' dir='ltr'>pavorem</span> <span class='ocrx_word' id='word_1_51' title='bbox 818 1229 1066 1317; x_wconf 79' lang='lat' dir='ltr'>nuntiantium,</span> <span class='ocrx_word' id='word_1_52' title='bbox 1095 1230 1209 1302; x_wconf 87' lang='lat' dir='ltr'>donec</span> 
     </span>
     <span class='ocr_line' id='line_1_9' title="bbox 235 1347 1209 1447; baseline 0.004 -28"><span class='ocrx_word' id='word_1_53' title='bbox 235 1348 392 1423; x_wconf 84' lang='lat' dir='ltr'>universa</span> <span class='ocrx_word' id='word_1_54' title='bbox 408 1350 522 1423; x_wconf 85' lang='lat' dir='ltr'>clades</span> <span class='ocrx_word' id='word_1_55' title='bbox 539 1349 576 1421; x_wconf 90' lang='lat' dir='ltr'>in</span> <span class='ocrx_word' id='word_1_56' title='bbox 592 1349 698 1422; x_wconf 88' lang='lat' dir='ltr'>oculis</span> <span class='ocrx_word' id='word_1_57' title='bbox 715 1347 792 1421; x_wconf 84' lang='lat' dir='ltr'>fuit.</span> <span class='ocrx_word' id='word_1_58' title='bbox 842 1353 1008 1446; x_wconf 84' lang='lat' dir='ltr'>Pertupta</span> <span class='ocrx_word' id='word_1_59' title='bbox 1032 1348 1209 1447; x_wconf 87' lang='lat' dir='ltr'>legionum</span> 
     </span>
     <span class='ocr_line' id='line_1_10' title="bbox 233 1466 1209 1566; baseline 0.002 -27"><span class='ocrx_word' id='word_1_60' title='bbox 233 1467 352 1556; x_wconf 83' lang='lat' dir='ltr'>castra,</span> <span class='ocrx_word' id='word_1_61' title='bbox 371 1466 432 1541; x_wconf 74' lang='lat' dir='ltr'>fusi</span> <span class='ocrx_word' id='word_1_62' title='bbox 450 1469 603 1566; x_wconf 82' lang='lat' dir='ltr'>equites:</span> <span class='ocrx_word' id='word_1_63' title='bbox 632 1467 764 1541; x_wconf 88' lang='lat' dir='ltr'>medius</span> <span class='ocrx_word' id='word_1_64' title='bbox 781 1467 936 1542; x_wconf 82' lang='lat' dir='ltr'>Mosellae</span> <span class='ocrx_word' id='word_1_65' title='bbox 953 1494 1053 1566; x_wconf 86' lang='lat' dir='ltr'>pons,</span> <span class='ocrx_word' id='word_1_66' title='bbox 1079 1469 1139 1566; x_wconf 89' lang='lat' dir='ltr'>qui</span> <span class='ocrx_word' id='word_1_67' title='bbox 1154 1469 1209 1542; x_wconf 91' lang='lat' dir='ltr'>ul·</span> 
     </span>
     <span class='ocr_line' id='line_1_11' title="bbox 232 1579 1206 1678; baseline 0.002 -18"><span class='ocrx_word' id='word_1_68' title='bbox 232 1589 357 1660; x_wconf 84' lang='lat' dir='ltr'>teriora</span> <span class='ocrx_word' id='word_1_69' title='bbox 373 1589 518 1660; x_wconf 87' lang='lat' dir='ltr'>coloniae</span> <span class='ocrx_word' id='word_1_70' title='bbox 533 1589 696 1678; x_wconf 67' lang='lat' dir='ltr'>adneciit,</span> <span class='ocrx_word' id='word_1_71' title='bbox 710 1592 755 1662; x_wconf 84' lang='lat' dir='ltr'>ab</span> <span class='ocrx_word' id='word_1_72' title='bbox 771 1587 923 1661; x_wconf 87' lang='lat' dir='ltr'>hostibus</span> <span class='ocrx_word' id='word_1_73' title='bbox 941 1579 1086 1661; x_wconf 77' lang='lat' dir='ltr'>in‘seffits.</span> <span class='ocrx_word' id='word_1_74' title='bbox 1138 1590 1206 1662; x_wconf 89' lang='lat' dir='ltr'>Ce-</span> 
     </span>
     <span class='ocr_line' id='line_1_12' title="bbox 232 1703 1285 1805; baseline 0.002 -28"><span class='ocrx_word' id='word_1_75' title='bbox 232 1704 338 1792; x_wconf 84' lang='lat' dir='ltr'>rialis,</span> <span class='ocrx_word' id='word_1_76' title='bbox 363 1706 508 1777; x_wconf 86' lang='lat' dir='ltr'>turbidis</span> <span class='ocrx_word' id='word_1_77' title='bbox 524 1710 625 1781; x_wconf 88' lang='lat' dir='ltr'>rebus</span> <span class='ocrx_word' id='word_1_78' title='bbox 642 1703 840 1805; x_wconf 88' lang='lat' dir='ltr'>intrepidus,</span> <span class='ocrx_word' id='word_1_79' title='bbox 859 1713 891 1780; x_wconf 84' lang='lat'>&amp;</span> <span class='ocrx_word' id='word_1_80' title='bbox 915 1707 1083 1805; x_wconf 81' lang='lat' dir='ltr'>fugientes</span> <span class='ocrx_word' id='word_1_81' title='bbox 1099 1733 1209 1780; x_wconf 77' lang='lat' dir='ltr'>manu</span> <span class='ocrx_word' id='word_1_82' title='bbox 1281 1720 1285 1730; x_wconf 88' lang='lat'>&#39;</span> 
     </span>
     <span class='ocr_line' id='line_1_13' title="bbox 233 1824 1206 1926; baseline 0.004 -30"><span class='ocrx_word' id='word_1_83' title='bbox 233 1826 419 1910; x_wconf 82' lang='lat' dir='ltr'>retrahens,</span> <span class='ocrx_word' id='word_1_84' title='bbox 440 1824 567 1898; x_wconf 74' lang='lat' dir='ltr'>intecto</span> <span class='ocrx_word' id='word_1_85' title='bbox 588 1853 731 1922; x_wconf 84' lang='lat' dir='ltr'>corpote</span> <span class='ocrx_word' id='word_1_86' title='bbox 747 1846 928 1926; x_wconf 87' lang='lat' dir='ltr'>promptus</span> <span class='ocrx_word' id='word_1_87' title='bbox 952 1829 1036 1900; x_wconf 85' lang='lat' dir='ltr'>inter</span> <span class='ocrx_word' id='word_1_88' title='bbox 1050 1829 1135 1915; x_wconf 83' lang='lat' dir='ltr'>tela,</span> <span class='ocrx_word' id='word_1_89' title='bbox 1156 1826 1206 1900; x_wconf 86' lang='lat' dir='ltr'>fe-</span> 
     </span>
     <span class='ocr_line' id='line_1_14' title="bbox 232 1941 1207 2045; baseline 0.007 -31"><span class='ocrx_word' id='word_1_90' title='bbox 232 1941 290 2014; x_wconf 90' lang='lat' dir='ltr'>lici</span> <span class='ocrx_word' id='word_1_91' title='bbox 303 1941 508 2030; x_wconf 82' lang='lat' dir='ltr'>temeritate,</span> <span class='ocrx_word' id='word_1_92' title='bbox 528 1947 562 2016; x_wconf 84' lang='lat'>&amp;</span> <span class='ocrx_word' id='word_1_93' title='bbox 579 1943 747 2020; x_wconf 83' lang='lat' dir='ltr'>fortiffimi</span> <span class='ocrx_word' id='word_1_94' title='bbox 769 1946 931 2045; x_wconf 87' lang='lat' dir='ltr'>cujusque</span> <span class='ocrx_word' id='word_1_95' title='bbox 947 1947 1103 2035; x_wconf 77' lang='lat' dir='ltr'>adcuisu,</span> <span class='ocrx_word' id='word_1_96' title='bbox 1122 1948 1207 2022; x_wconf 88' lang='lat' dir='ltr'>reci-</span> 
     </span>
     <span class='ocr_line' id='line_1_15' title="bbox 226 2057 1208 2165; baseline 0.007 -31"><span class='ocrx_word' id='word_1_97' title='bbox 226 2057 392 2165; x_wconf 69' lang='lat' dir='ltr'>¹peratum</span> <span class='ocrx_word' id='word_1_98' title='bbox 411 2084 554 2159; x_wconf 85' lang='lat' dir='ltr'>pontem</span> <span class='ocrx_word' id='word_1_99' title='bbox 581 2065 688 2142; x_wconf 67' lang='lat' dir='ltr'>elesta</span> <span class='ocrx_word' id='word_1_100' title='bbox 714 2092 819 2140; x_wconf 87' lang='lat' dir='ltr'>mauu</span> <span class='ocrx_word' id='word_1_101' title='bbox 844 2066 1006 2140; x_wconf 81' lang='lat' dir='ltr'>firmavit.</span> <span class='ocrx_word' id='word_1_102' title='bbox 1055 2070 1148 2140; x_wconf 84' lang='lat' dir='ltr'>Mox</span> <span class='ocrx_word' id='word_1_103' title='bbox 1170 2067 1208 2141; x_wconf 87' lang='lat' dir='ltr'>in</span> 
     </span>
     <span class='ocr_line' id='line_1_16' title="bbox 231 2182 1205 2287; baseline 0.002 -29"><span class='ocrx_word' id='word_1_104' title='bbox 231 2183 337 2258; x_wconf 86' lang='lat' dir='ltr'>castra</span> <span class='ocrx_word' id='word_1_105' title='bbox 360 2182 524 2275; x_wconf 86' lang='lat' dir='ltr'>reversus,</span> <span class='ocrx_word' id='word_1_106' title='bbox 543 2187 696 2283; x_wconf 85' lang='lat' dir='ltr'>palantes</span> <span class='ocrx_word' id='word_1_107' title='bbox 712 2209 886 2284; x_wconf 86' lang='lat' dir='ltr'>captatum</span> <span class='ocrx_word' id='word_1_108' title='bbox 901 2186 994 2287; x_wconf 89' lang='lat' dir='ltr'>apud</span> <span class='ocrx_word' id='word_1_109' title='bbox 1012 2188 1205 2260; x_wconf 81' lang='lat' dir='ltr'>Novefium</span> 
     </span>
     <span class='ocr_line' id='line_1_17' title="bbox 232 2307 1206 2406; baseline 0.003 -28"><span class='ocrx_word' id='word_1_110' title='bbox 232 2307 457 2403; x_wconf 84' lang='lat' dir='ltr'>Bonnamque</span> <span class='ocrx_word' id='word_1_111' title='bbox 474 2307 654 2406; x_wconf 83' lang='lat' dir='ltr'>legionum</span> <span class='ocrx_word' id='word_1_112' title='bbox 680 2307 889 2405; x_wconf 85' lang='lat' dir='ltr'>manipulos,</span> <span class='ocrx_word' id='word_1_113' title='bbox 915 2313 947 2380; x_wconf 77' lang='grc' dir='ltr'>δι</span> <span class='ocrx_word' id='word_1_114' title='bbox 971 2332 1085 2380; x_wconf 84' lang='lat' dir='ltr'>rarum</span> <span class='ocrx_word' id='word_1_115' title='bbox 1109 2307 1206 2404; x_wconf 86' lang='lat' dir='ltr'>apud</span> 
     </span>
     <span class='ocr_line' id='line_1_18' title="bbox 232 2414 1204 2526; baseline -0.001 -23"><span class='ocrx_word' id='word_1_116' title='bbox 232 2429 327 2525; x_wconf 87' lang='lat' dir='ltr'>stgna</span> <span class='ocrx_word' id='word_1_117' title='bbox 344 2424 505 2516; x_wconf 86' lang='lat' dir='ltr'>militem,</span> <span class='ocrx_word' id='word_1_118' title='bbox 534 2453 574 2502; x_wconf 90' lang='lat' dir='ltr'>ac</span> <span class='ocrx_word' id='word_1_119' title='bbox 599 2428 705 2525; x_wconf 70' lang='lat' dir='ltr'>prope</span> <span class='ocrx_word' id='word_1_120' title='bbox 728 2427 980 2502; x_wconf 83' lang='lat' dir='ltr'>circumventas</span> <span class='ocrx_word' id='word_1_121' title='bbox 1001 2414 1131 2526; x_wconf 82' lang='lat' dir='ltr'>¹aquilas</span> <span class='ocrx_word' id='word_1_122' title='bbox 1149 2426 1204 2502; x_wconf 87' lang='lat' dir='ltr'>vi·</span> 
     </span>
     <span class='ocr_line' id='line_1_19' title="bbox 231 2531 1202 2644; baseline -0.002 -23"><span class='ocrx_word' id='word_1_123' title='bbox 231 2531 304 2621; x_wconf 77' lang='lat' dir='ltr'>det.</span> <span class='ocrx_word' id='word_1_124' title='bbox 377 2544 536 2621; x_wconf 88' lang='lat' dir='ltr'>Incensus</span> <span class='ocrx_word' id='word_1_125' title='bbox 568 2548 631 2635; x_wconf 71' lang='lat' dir='ltr'>ira,</span> <span class='ocrx_word' id='word_1_126' title='bbox 675 2556 702 2591; x_wconf 89' lang='lat'>“</span> <span class='ocrx_word' id='word_1_127' title='bbox 728 2573 799 2620; x_wconf 91' lang='lat' dir='ltr'>non</span> <span class='ocrx_word' id='word_1_128' title='bbox 830 2549 1037 2637; x_wconf 78' lang='lat' dir='ltr'>Flaccum,&#39;’</span> <span class='ocrx_word' id='word_1_129' title='bbox 1076 2546 1202 2644; x_wconf 88' lang='lat' dir='ltr'>inquit,</span> 
     </span>
     <span class='ocr_line' id='line_1_20' title="bbox 232 2651 1201 2765; baseline 0.003 -26"><span class='ocrx_word' id='word_1_130' title='bbox 232 2672 261 2710; x_wconf 88' lang='lat'><strong>“</strong></span> <span class='ocrx_word' id='word_1_131' title='bbox 279 2692 352 2742; x_wconf 91' lang='lat' dir='ltr'>non</span> <span class='ocrx_word' id='word_1_132' title='bbox 385 2668 555 2740; x_wconf 85' lang='lat' dir='ltr'>Voculam</span> <span class='ocrx_word' id='word_1_133' title='bbox 577 2651 739 2739; x_wconf 79' lang='lat' dir='ltr'>deseritis.</span> <span class='ocrx_word' id='word_1_134' title='bbox 803 2667 914 2741; x_wconf 87' lang='lat' dir='ltr'>Nulla</span> <span class='ocrx_word' id='word_1_135' title='bbox 939 2668 999 2742; x_wconf 86' lang='lat' dir='ltr'>hle</span> <span class='ocrx_word' id='word_1_136' title='bbox 1030 2665 1201 2765; x_wconf 87' lang='lat' dir='ltr'>proditio:</span> 
     </span>
     <span class='ocr_line' id='line_1_21' title="bbox 231 2783 1205 2887; baseline 0.002 -26"><span class='ocrx_word' id='word_1_137' title='bbox 231 2795 390 2887; x_wconf 89' lang='lat' dir='ltr'>“neque</span> <span class='ocrx_word' id='word_1_138' title='bbox 420 2785 515 2859; x_wconf 84' lang='lat' dir='ltr'>aliud</span> <span class='ocrx_word' id='word_1_139' title='bbox 547 2783 781 2860; x_wconf 83' lang='lat' dir='ltr'>excusandum</span> <span class='ocrx_word' id='word_1_140' title='bbox 810 2788 937 2877; x_wconf 88' lang='lat' dir='ltr'>habeo,</span> <span class='ocrx_word' id='word_1_141' title='bbox 965 2788 1073 2885; x_wconf 74' lang='lat' dir='ltr'>quiam</span> <span class='ocrx_word' id='word_1_142' title='bbox 1107 2787 1205 2887; x_wconf 77' lang='lat' dir='ltr'>quod</span> 
     </span>
     <span class='ocr_line' id='line_1_22' title="bbox 139 2902 1205 3005; baseline 0.002 -26"><span class='ocrx_word' id='word_1_143' title='bbox 139 3002 140 3005; x_wconf 8' lang='grc' dir='ltr'><strong>Ἴ</strong></span> <span class='ocrx_word' id='word_1_144' title='bbox 231 2915 259 2951; x_wconf 84' lang='grc'><strong>“</strong></span> <span class='ocrx_word' id='word_1_145' title='bbox 277 2933 339 2981; x_wconf 87' lang='lat' dir='ltr'>vos</span> <span class='ocrx_word' id='word_1_146' title='bbox 355 2903 482 2981; x_wconf 83' lang='lat' dir='ltr'>Gallici</span> <span class='ocrx_word' id='word_1_147' title='bbox 495 2902 638 2978; x_wconf 82' lang='lat' dir='ltr'>foederis</span> <span class='ocrx_word' id='word_1_148' title='bbox 658 2905 783 2980; x_wconf 85' lang='lat' dir='ltr'>oblitos</span> <span class='ocrx_word' id='word_1_149' title='bbox 799 2907 1041 3005; x_wconf 85' lang='lat' dir='ltr'>praedixerim:</span> <span class='ocrx_word' id='word_1_150' title='bbox 1068 2932 1205 2982; x_wconf 89' lang='lat' dir='ltr'>memo·</span> 
     </span>
     <span class='ocr_line' id='line_1_23' title="bbox 232 3023 1204 3130; baseline 0.004 -32"><span class='ocrx_word' id='word_1_151' title='bbox 232 3026 364 3099; x_wconf 90' lang='lat' dir='ltr'>“riam</span> <span class='ocrx_word' id='word_1_152' title='bbox 381 3026 534 3100; x_wconf 88' lang='lat' dir='ltr'>Romani</span> <span class='ocrx_word' id='word_1_153' title='bbox 559 3023 756 3099; x_wconf 84' lang='lat' dir='ltr'>sacramenti</span> <span class='ocrx_word' id='word_1_154' title='bbox 779 3047 909 3103; x_wconf 86' lang='lat' dir='ltr'>temere</span> <span class='ocrx_word' id='word_1_155' title='bbox 932 3026 1076 3102; x_wconf 89' lang='lat' dir='ltr'>credidi.</span> <span class='ocrx_word' id='word_1_156' title='bbox 1125 3029 1204 3130; x_wconf 76' lang='lat' dir='ltr'>Ad-</span> 
     </span>
     <span class='ocr_line' id='line_1_24' title="bbox 229 3145 1205 3238; baseline 0.006 -21"><span class='ocrx_word' id='word_1_157' title='bbox 229 3151 258 3188; x_wconf 90' lang='lat'><strong>“</strong></span> <span class='ocrx_word' id='word_1_158' title='bbox 275 3149 480 3219; x_wconf 84' lang='lat' dir='ltr'>numerabor</span> <span class='ocrx_word' id='word_1_159' title='bbox 491 3145 656 3220; x_wconf 72' lang='lat' dir='ltr'>Numisiis</span> <span class='ocrx_word' id='word_1_160' title='bbox 676 3150 709 3220; x_wconf 73' lang='grc' dir='ltr'>δι</span> <span class='ocrx_word' id='word_1_161' title='bbox 728 3147 933 3238; x_wconf 85' lang='lat' dir='ltr'>Herenniis,</span> <span class='ocrx_word' id='word_1_162' title='bbox 956 3170 995 3222; x_wconf 89' lang='lat' dir='ltr'>ut</span> <span class='ocrx_word' id='word_1_163' title='bbox 1015 3174 1137 3228; x_wconf 86' lang='lat' dir='ltr'>omnes</span> <span class='ocrx_word' id='word_1_164' title='bbox 1155 3148 1205 3223; x_wconf 66' lang='lat' dir='ltr'>le:</span> 
     </span>
     <span class='ocr_line' id='line_1_25' title="bbox 229 3249 1200 3361; baseline 0.002 -24"><span class='ocrx_word' id='word_1_165' title='bbox 229 3270 256 3310; x_wconf 88' lang='lat'>“</span> <span class='ocrx_word' id='word_1_166' title='bbox 274 3265 345 3361; x_wconf 83' lang='lat' dir='ltr'>gati</span> <span class='ocrx_word' id='word_1_167' title='bbox 373 3266 488 3358; x_wconf 75' lang='lat' dir='ltr'>vestri,</span> <span class='ocrx_word' id='word_1_168' title='bbox 517 3285 577 3340; x_wconf 86' lang='lat' dir='ltr'>aut</span> <span class='ocrx_word' id='word_1_169' title='bbox 601 3265 754 3341; x_wconf 87' lang='lat' dir='ltr'>militurn</span> <span class='ocrx_word' id='word_1_170' title='bbox 780 3269 951 3359; x_wconf 87' lang='lat' dir='ltr'>manibus,</span> <span class='ocrx_word' id='word_1_171' title='bbox 976 3287 1036 3343; x_wconf 87' lang='lat' dir='ltr'>aut</span> <span class='ocrx_word' id='word_1_172' title='bbox 1052 3249 1200 3345; x_wconf 89' lang='lat' dir='ltr'>hostium</span> 
     </span>
     <span class='ocr_line' id='line_1_26' title="bbox 120 3377 1199 3486; baseline 0.004 -31"><span class='ocrx_word' id='word_1_173' title='bbox 120 3384 123 3398; x_wconf 87' lang='lat'>&#39;</span> <span class='ocrx_word' id='word_1_174' title='bbox 227 3389 256 3427; x_wconf 89' lang='lat'><strong>“</strong></span> <span class='ocrx_word' id='word_1_175' title='bbox 273 3383 469 3459; x_wconf 86' lang='lat' dir='ltr'>ceciderint.</span> <span class='ocrx_word' id='word_1_176' title='bbox 517 3390 583 3477; x_wconf 90' lang='lat' dir='ltr'>Ite,</span> <span class='ocrx_word' id='word_1_177' title='bbox 603 3386 756 3462; x_wconf 87' lang='lat' dir='ltr'>nuntiate</span> <span class='ocrx_word' id='word_1_178' title='bbox 773 3377 990 3486; x_wconf 72' lang='lat' dir='ltr'>Vespasiano,</span> <span class='ocrx_word' id='word_1_179' title='bbox 1015 3389 1083 3476; x_wconf 90' lang='lat' dir='ltr'>vel,</span> <span class='ocrx_word' id='word_1_180' title='bbox 1102 3385 1199 3484; x_wconf 91' lang='lat' dir='ltr'>quod</span> 
     </span>
     <span class='ocr_line' id='line_1_27' title="bbox 226 3503 1217 3605; baseline 0.003 -30"><span class='ocrx_word' id='word_1_181' title='bbox 226 3510 255 3549; x_wconf 78' lang='lat'>‘⁴</span> <span class='ocrx_word' id='word_1_182' title='bbox 273 3503 416 3601; x_wconf 87' lang='lat' dir='ltr'>propius</span> <span class='ocrx_word' id='word_1_183' title='bbox 432 3507 493 3596; x_wconf 88' lang='lat' dir='ltr'>est,</span> <span class='ocrx_word' id='word_1_184' title='bbox 514 3508 620 3581; x_wconf 89' lang='lat' dir='ltr'>Civili</span> <span class='ocrx_word' id='word_1_185' title='bbox 643 3513 676 3582; x_wconf 77' lang='grc' dir='ltr'>δι</span> <span class='ocrx_word' id='word_1_186' title='bbox 694 3509 850 3597; x_wconf 81' lang='lat' dir='ltr'>Classico,</span> <span class='ocrx_word' id='word_1_187' title='bbox 870 3508 1029 3582; x_wconf 65' lang='lat' dir='ltr'>relietum</span> <span class='ocrx_word' id='word_1_188' title='bbox 1055 3532 1076 3579; x_wconf 90' lang='lat' dir='ltr'>a</span> <span class='ocrx_word' id='word_1_189' title='bbox 1094 3503 1217 3605; x_wconf 82' lang='lat' dir='ltr'>vobis&#39;</span> 
     </span>
     <span class='ocr_line' id='line_1_28' title="bbox 225 3623 1202 3727; baseline -0.001 -26"><span class='ocrx_word' id='word_1_190' title='bbox 225 3633 253 3672; x_wconf 87' lang='lat'>“</span> <span class='ocrx_word' id='word_1_191' title='bbox 270 3626 307 3701; x_wconf 90' lang='lat' dir='ltr'>in</span> <span class='ocrx_word' id='word_1_192' title='bbox 322 3623 550 3713; x_wconf 65' lang='lat' dir='ltr'>acieelucem:</span> <span class='ocrx_word' id='word_1_193' title='bbox 571 3628 710 3702; x_wconf 85' lang='lat' dir='ltr'>venient</span> <span class='ocrx_word' id='word_1_194' title='bbox 727 3627 890 3727; x_wconf 81' lang='lat' dir='ltr'>legiones,</span> <span class='ocrx_word' id='word_1_195' title='bbox 911 3652 990 3725; x_wconf 86' lang='lat' dir='ltr'>quae</span> <span class='ocrx_word' id='word_1_196' title='bbox 1007 3649 1123 3724; x_wconf 88' lang='lat' dir='ltr'>neque</span> <span class='ocrx_word' id='word_1_197' title='bbox 1140 3649 1202 3709; x_wconf 68' lang='lat' dir='ltr'>me</span> 
     </span>
     <span class='ocr_line' id='line_1_29' title="bbox 224 3727 1078 3852; baseline -0.006 -23"><span class='ocrx_word' id='word_1_198' title='bbox 224 3754 254 3799; x_wconf 83' lang='lat'><strong>“</strong></span> <span class='ocrx_word' id='word_1_199' title='bbox 271 3747 435 3837; x_wconf 82' lang='lat' dir='ltr'>inultum,</span> <span class='ocrx_word' id='word_1_200' title='bbox 454 3768 568 3848; x_wconf 82' lang='lat' dir='ltr'>neque</span> <span class='ocrx_word' id='word_1_201' title='bbox 583 3773 646 3823; x_wconf 83' lang='lat' dir='ltr'>vos</span> <span class='ocrx_word' id='word_1_202' title='bbox 661 3748 849 3847; x_wconf 82' lang='lat' dir='ltr'>impunitos</span> <span class='ocrx_word' id='word_1_203' title='bbox 864 3727 1078 3852; x_wconf 34' lang='lat' dir='ltr'>patiantur&amp;</span> 
     </span>
    </p>
   </div>
   <div class='ocr_carea' id='block_1_3' title="bbox 0 0 1388 4658">
    <p class='ocr_par' dir='ltr' id='par_1_3' title="bbox 0 0 1388 4658">
     <span class='ocr_line' id='line_1_30' title="bbox 0 0 1388 4658; baseline 0 2"><span class='ocrx_word' id='word_1_204' title='bbox 0 0 1388 4658; x_wconf 95' lang='lat' dir='ltr'> </span> 
     </span>
    </p>
   </div>
  </div>
 </body>
</html>
