2766 4658
228 350 276 443 '48
446 331 1036 416 C.ConnrrrrTncrrr

229 507 489 597 reverebantur,
508 508 571 581 hos
588 508 710 580 reversi
724 506 908 579 colebant:
929 506 993 579 hos
1008 507 1041 578 δι
1059 476 1225 603 praetura·
1260 522 1261 527 ’

231 625 481 701 &consulatus
500 653 622 702 vocare
641 629 733 700 ultro
759 626 989 700 videbantur:
1019 626 1056 700 hi
1079 653 1123 700 ne
1147 627 1221 725 pri-

231 747 305 820 vati
322 747 464 844 quidem
482 751 549 821 fine
560 747 728 844 potestate
745 764 853 837 erant,
871 748 952 820 clim
970 753 1004 822 sc
1029 751 1222 846 populum,

230 872 269 942 δι
282 865 437 940 senatum
447 867 589 941 confilio
602 872 636 941 δι
649 867 852 941 austoritate
865 891 1038 967 regerent:
1060 868 1221 966 quinim-

229 1011 294 1060 -mo
312 986 374 1060 fibi
392 987 451 1084 ipsr
469 985 715 1084 persuaserant,
734 968 912 1091 nerninem
929 993 998 1063 stne
1018 989 1220 1087 eloquentis

231 1123 294 1179 aut
312 1104 454 1203 adsequi
473 1107 618 1204 possein
635 1093 786 1200 civitate,
813 1129 874 1183 aut
891 1108 977 1182 tueri
994 1108 1221 1206 conspicuum
1278 1113 1283 1136 ²

233 1225 504 1301 &eminentem
528 1229 669 1303 locum:
696 1255 760 1303 nec
779 1229 922 1319 mitum,
942 1231 1023 1304 crim
1044 1231 1150 1304 etiarn
1167 1231 1223 1303 in-

235 1345 302 1421 viti
318 1347 363 1420 ad
380 1349 554 1447 populum
570 1350 865 1449 producerentur:
886 1351 970 1424 crim
993 1376 1115 1448 parum
1138 1353 1222 1424 effet

233 1465 274 1569 in
289 1467 406 1547 senatu
423 1467 574 1543 breviter
596 1468 745 1561 censere,
769 1471 829 1544 nisr
853 1471 915 1569 qui
932 1469 1074 1570 ingenio
1092 1475 1125 1545 δι
1144 1472 1221 1544 elo·

234 1589 380 1688 quentid
395 1589 597 1664 sententiam
614 1588 709 1664 suam
724 1609 895 1664 tueretur:
915 1592 999 1666 curn
1015 1593 1051 1664 in
1065 1590 1223 1688 aliquam

236 1708 411 1785 invidiam
438 1731 498 1785 aut
521 1711 654 1786 crimen
673 1713 802 1803 vocati,
829 1710 887 1785 sud
904 1737 991 1787 voce
1010 1709 1224 1809 responden-

234 1828 326 1905 dum
348 1833 531 1924 haberent,
549 1835 630 1907 cirin
646 1832 842 1907 testimonia
859 1859 1002 1932 qnoque
1020 1832 1056 1906 in
1072 1831 1225 1931 publicis

235 1974 309 2024 non
326 1949 493 2043 absentes,
511 1979 575 2027 nec
592 1979 652 2051 per
673 1954 838 2027 tabellam
854 1955 951 2044 dare,
966 1952 1023 2027 sed
1042 1955 1162 2028 eorem
1187 1957 1224 2026 δι

234 2071 418 2171 praesentes
445 2072 560 2148 dicere
583 2091 797 2171 cogerentur.
844 2075 899 2146 Ita
919 2075 963 2146 ad
986 2071 1121 2147 summa
1145 2075 1222 2146 elo-

236 2193 387 2292 quentiae
405 2194 547 2291 praemia
563 2219 692 2292 magna
708 2192 813 2268 etiam
829 2194 998 2267 necessitas
1013 2195 1220 2284 accedebat,

237 2317 274 2388 δι
289 2311 490 2397 commoda.
539 2314 714 2389 Disertum
731 2313 864 2405 haberi,
890 2315 1122 2412 pulchrum&
1141 2314 1222 2411 glo·

236 2434 390 2510 riosum:
423 2433 483 2509 sed
514 2435 635 2510 contrh
654 2455 799 2509 ,mutum
827 2441 861 2510 δι
896 2434 1072 2533 elinguem
1092 2432 1223 2524 videri,

236 2555 397 2632 deforme
424 2558 634 2630 habebatur«
694 2558 791 2653 Ergo
824 2582 897 2630 non
929 2555 1046 2630 minus
1078 2557 1221 2645 rubore,

236 2678 347 2776 quim
365 2677 513 2777 praemiis
524 2675 810 2751 stimulabantur:
826 2702 870 2750 ne
888 2676 1126 2751 clientelarum
1140 2677 1223 2749 loco

235 2797 366 2896 potitis,
402 2799 510 2897 quim
526 2814 753 2895 patronorum
775 2816 1057 2875 numerarentur:
1086 2821 1131 2870 ne
1154 2817 1223 2869 tra·

234 2919 319 2994 ditae
335 2947 355 2994 a
371 2917 560 3019 majoribus
584 2918 845 2996 necessitudines
861 2919 906 2991 ad
922 2917 1006 2991 alios
1022 2920 1220 2992 transirent:
1322 2898 1326 2905 l

235 3065 282 3114 ne
297 3060 478 3140 tamquam
502 3042 640 3131 inertes,
666 3046 700 3115 δι
727 3065 797 3113 non
818 3037 992 3114 suffecluri
1015 3035 1221 3128 honoribus,
1262 3089 1266 3093 -

234 3180 294 3232 aut
307 3187 378 3235 non
390 3161 626 3258 impetrarent,
638 3181 697 3234 aut
714 3160 915 3258 impetratos
929 3157 1020 3232 male
1033 3176 1222 3231 tuerentur.

281 3282 474 3380 XXXVII.
492 3286 643 3358 ancro
662 3307 707 3356 an
725 3280 879 3355 venerint
896 3279 933 3352 in
949 3305 1073 3353 manus
1089 3277 1218 3352 vestras

235 3406 311 3478 haec
328 3423 458 3493 vetera,
481 3430 561 3502 quae
579 3408 613 3477 δι
630 3404 667 3478 in
681 3403 906 3501 antiquorum
923 3398 1138 3473 bibliothecis
1153 3397 1219 3469 ad·

235 3528 306 3599 huc
329 3541 485 3614 manent,
512 3525 550 3597 δι
566 3525 651 3599 edm
672 3520 828 3598 maxime
850 3547 871 3594 a
894 3518 1068 3594 Muciano
1083 3536 1222 3592 contra-

233 3649 386 3720 huntur:
414 3667 454 3716 ac
475 3642 552 3741 jam
569 3644 748 3733 undecim,
773 3661 811 3716 ut
827 3639 966 3738 opinor,
986 3640 1160 3713 Actorum
1179 3638 1222 3710 li.

234 3769 321 3860 bris,
357 3771 390 3844 δι
420 3763 531 3842 tribus
563 3765 802 3864 Epistolarum
833 3763 1036 3865 composta,
1066 3758 1105 3836 δι
1128 3758 1226 3841 edita
