2844 4704
376 343 1029 426 Hrsronrrrnnnshrnstl„
1112 368 1177 442 119

201 516 236 593 in
265 515 446 593 Vitellium
471 515 695 595 contumeliis>
714 515 877 615 insignes,
903 514 1042 587 abolet:
1071 540 1176 610 pecu-

199 640 274 715 nias
285 638 470 730 distribuit,
495 639 610 737 parce,
628 663 693 711 nec
709 656 751 709 ut
766 635 944 732 periturus.
993 635 1089 706 Mox
1105 636 1177 708 Sal·

200 759 300 834 vium
325 760 576 850 Cocceianum,
605 756 716 832 fratris
740 756 869 846 filium,
899 751 1177 853 primljuventi,

200 881 373 979 trepidum
392 884 426 954 δι
444 900 658 963 maerentem,
682 880 773 951 ultro
785 875 908 951 solatus
920 875 981 965 est,
1004 876 1179 950 laudando

199 1006 227 1045 “
246 1001 434 1099 pietatem”
474 1001 559 1101 ejus,
596 1000 797 1098 castigando
826 1006 859 1069 ,“
889 996 1113 1072 formidinem
1134 999 1176 1069 :’'

198 1128 226 1164 “
244 1147 289 1196 an
301 1123 483 1197 Vitellium
500 1110 573 1194 tam
589 1119 733 1193 immitis
750 1118 856 1193 animi
874 1111 960 1208 soie,
983 1136 1024 1191 ut
1040 1144 1105 1215 pro
1121 1118 1175 1191 in·

106 1286 110 1293 ·
199 1248 230 1286 “
247 1242 380 1316 columi
395 1244 467 1315 toti
489 1243 611 1330 domo,
629 1241 775 1328 nejhanc
793 1238 937 1335 quidem
953 1237 1014 1311 srbi
1033 1236 1178 1335 gratiam

202 1369 231 1432 f‘
250 1362 435 1435 redderet?
468 1360 588 1434 mereri
613 1359 646 1432 se
663 1349 821 1432 festinato
837 1359 933 1432 exitu
955 1357 1179 1431 clementiam

204 1488 232 1524 “
250 1481 400 1555 nidoris.
449 1483 535 1555 Non
563 1481 658 1555 enim
685 1480 807 1555 ultimi
835 1476 1082 1575 desperatione,
1119 1478 1178 1554 sed

203 1608 231 1644 “
248 1600 407 1698 poscente
424 1601 589 1698 proelium
604 1600 773 1693 exercitu,
802 1600 960 1675 remififfe
978 1598 1177 1694 reipublicae

200 1728 229 1765 “
246 1722 470 1794 novissimum
502 1719 629 1794 casum.
688 1719 774 1808 Satis
809 1718 869 1793 srbi
903 1718 1068 1807 nominis,
1102 1718 1178 1795 satis

201 1841 388 1938 “posteris
415 1839 481 1915 suis
506 1840 696 1916 nobilitatis
721 1842 928 1936 quaesrtum:
959 1840 1035 1937 post
1051 1841 1176 1934 Julios,

199 1968 227 2008 “
245 1960 424 2051 Claudios,
446 1961 594 2050 servios,
607 1958 641 2032 se
652 1959 850 2061 primumin
867 1943 1034 2034 familiam
1046 1986 1177 2034 novam

201 2088 230 2124 “
247 2080 432 2179 imperium
457 2081 632 2159 intulisse:
664 2080 809 2178 proinde
829 2082 945 2154 cresto
973 2081 1091 2172 animo
1119 2107 1176 2155 ca·

199 2209 227 2246 “
234 2235 239 2245 ¹
245 2203 389 2299 pelleret
429 2201 553 2291 vitam,
598 2225 667 2273 neu
700 2222 862 2297 patruum
902 2201 964 2275 fibi
1000 2203 1178 2278 Othonem

197 2330 225 2366 “
244 2321 356 2413 foisse,
382 2341 441 2397 aut
458 2318 713 2398 oblivisceretur
731 2345 921 2420 umquam,
944 2340 1002 2397 aut
1025 2319 1175 2398 nimium

200 2449 227 2485 “
246 2442 491 2517 meminiffet.”

245 2565 383 2638 XLIX.
409 2565 510 2637 Posr
528 2588 621 2662 qua,
651 2563 793 2638 dimotis
810 2564 988 2653 omnibus,
1019 2565 1176 2660 paullum

197 2684 392 2780 requievit:
421 2705 526 2782 atque
543 2685 658 2775 illurn,
677 2682 932 2783 supremasjam
945 2709 1041 2757 curas
1057 2683 1176 2758 animo

197 2804 428 2891 volutantem,
446 2830 568 2901 repens
583 2806 755 2879 tumultus
769 2802 904 2893 avertit,
919 2803 1073 2877 nuntiati
1090 2830 1173 2878 con-

198 2921 408 2998 stematione
423 2948 462 2995 ac
481 2923 616 2999 licentii
634 2924 811 2998 militum:
842 2949 995 3021 namque
1018 2924 1176 2998 abeunti-

198 3045 266 3120 bus
291 3041 440 3115 exitium
467 3042 735 3131 minitabantur;
763 3045 967 3118 atrocissimas
997 3044 1032 3118 in
1052 3046 1174 3143 Vergi-

199 3162 298 3236 nium
326 3161 375 3251 vi,
404 3188 510 3260 quern
536 3165 651 3240 clausas
677 3167 787 3238 domo
814 3166 1042 3238 obsidebant:
1067 3166 1177 3240 incre-

163 3331 169 3342 ι
197 3282 277 3380 pitis
301 3281 474 3357 seditionis
502 3284 704 3372 austoribus
729 3285 911 3381 regressus,
939 3284 1073 3357 vacavit
1095 3288 1177 3360 abe·

196 3403 335 3477 nntium
352 3403 541 3501 adloquiis,
569 3405 682 3477 donec
700 3429 822 3479 omnes
842 3403 999 3478 inviolati
1015 3403 1177 3503 digrede-

196 3542 323 3596 rentur.
382 3520 647 3621 Vesperascente
671 3523 741 3610 die,
780 3522 868 3596 sitim
902 3523 1022 3596 haustu
1052 3525 1176 3623 gelidae

197 3666 297 3740 aquae
334 3642 490 3719 sedavit:
524 3664 601 3718 tum
629 3641 752 3716 adlatis
780 3641 991 3741 pugionibus
1022 3644 1174 3729 duobus,

199 3762 282 3843 sirm
308 3785 497 3862 utrumque
524 3748 753 3870 pertentallet,
787 3764 934 3845 alterum
962 3762 1067 3862 capiti
1099 3759 1176 3863 sub·

715 3883 781 3980 14
