2806 4694
248 335 293 408 16
454 332 802 404 ceolum
840 330 1049 409 Tncrt't

245 516 274 550 “
292 526 424 578 tarem:
457 506 494 577 &
519 506 608 610 mihi
625 508 807 606 egregium
827 528 898 582 etat
914 510 982 582 Cn.
1001 507 1160 605 Pompeii
1187 499 1224 584 δῖ
1300 565 1302 569 s

245 634 272 672 ‘⁶
289 629 345 699 M.
362 627 465 699 Craffi
491 625 648 701 subolem
673 629 709 701 in
734 649 875 727 penates
898 653 995 702 meos
1013 626 1221 716 adsciscere;

243 752 271 788 “
290 747 323 817 &
341 745 405 819 tibi
424 745 569 844 infigne,
594 748 755 852 Sulpiciae
772 776 812 823 ac
829 749 980 824 Lutatiae
996 751 1145 840 decora,
1158 762 1221 822 no·'

243 874 270 912 “
290 864 413 939 Bilitati
442 888 511 941 tuae
540 865 709 965 adjecisse.
759 872 867 943 Nunc
893 895 964 962 me,
988 871 1136 944 deorum
1158 871 1222 945 ho-
1278 880 1284 890 ‘

243 995 271 1030 “
291 986 502 1086 minumque
540 987 702 1062 consensu
735 991 780 1063 ad
820 990 1008 1089 imperium
1041 1010 1221 1081 vocatum,

243 1111 455 1205 5‘praec1ara
486 1108 620 1183 indoles
646 1130 718 1201 tua,
742 1115 776 1185 δι
800 1136 899 1184 amor
919 1112 1038 1209 patria
1067 1111 1220 1208 impulit,

158 1228 159 1231 ’
242 1237 269 1276 “
288 1249 327 1303 ut
354 1229 610 1329 Principatum‚
640 1233 685 1305 de
713 1259 786 1331 quo
813 1230 958 1330 majores
990 1231 1094 1305 nostri
1119 1231 1222 1304 armis

242 1356 270 1398 “
289 1354 480 1440 certabant,
517 1354 612 1425 bello
645 1354 804 1449 adeptus,
839 1352 1027 1448 quiescenti
1061 1353 1220 1442 offeram,

242 1479 269 1521 ‘⁴
289 1472 454 1567 exemplo
478 1470 551 1543 divi
570 1470 736 1568 Augusti,
760 1497 828 1567 qur
818 1470 970 1544 sotoris
993 1471 1105 1544 lilium
1123 1475 1223 1545 Mar

243 1600 270 1644 s‘
289 1594 433 1680 cellum,
465 1589 545 1662 dein
571 1614 739 1688 generum
752 1574 974 1688 Agrippam,
1004 1614 1090 1662 mox
1113 1616 1224 1722 nepo

243 1720 271 1763 “
290 1732 341 1786 tes
357 1711 446 1800 suos,
477 1709 653 1809 postremo
666 1708 850 1784 Tiberium
866 1710 1063 1799 Neronem,
1087 1709 1222 1809 privig

242 1839 271 1884 ‘⁴
290 1857 391 1920 num,
419 1831 457 1903 in
484 1829 647 1927 proximo
670 1830 730 1907 srbi
752 1829 886 1928 fastigio
910 1829 1117 1903 conlocavit.
1151 1831 1223 1919 vSed

244 1961 272 1997 “
291 1947 473 2049 Augustus
491 1951 526 2024 in
542 1943 652 2024 domo
676 1950 904 2026 successorem
930 1951 1110 2049 quaesivit:
1139 1977 1222 2050 ego,

242 2083 271 2124 ‘⁶
290 2075 326 2148 in
353 2071 543 2171 republiclt:
564 2098 650 2162 non,
676 2071 758 2170 quia
776 2071 1007 2171 propinquos,
1037 2091 1096 2146 aut
1112 2071 1223 2149 socios

242 2204 271 2248 “
290 2195 372 2270 belli
405 2219 475 2266 non
506 2195 674 2267 habeam:
706 2192 763 2267 sed
791 2219 905 2291 neque
934 2191 1004 2290 ipse
1038 2193 1224 2291 imperium

243 2315 481 2390 “ambitione
503 2312 640 2411 accepi,
667 2310 848 2411 &judicii
876 2313 945 2388 mei
971 2317 1225 2389 documentum
1266 2323 1270 2330 ’
1333 2319 1335 2323 ’

244 2447 272 2481 “
292 2441 367 2526 stnt,
396 2462 468 2508 non
493 2461 580 2508 meae
597 2435 733 2511 tantbm
761 2434 1034 2525 necessitudines,
1058 2461 1144 2532 quas
1160 2434 1224 2508 tibi

244 2567 272 2607 “
291 2553 479 2655 postposui,
497 2552 555 2626 sed
579 2558 612 2625 &
630 2574 711 2626 tuae.
763 2553 823 2627 Est
842 2553 904 2627 tibi
921 2551 1023 2626 frater
1036 2555 1107 2651 pari
1119 2553 1221 2629 nobi·

244 2685 272 2720 “
292 2675 398 2761 litate,
422 2693 504 2745 natu
521 2669 643 2770 major,
673 2672 803 2771 dignus
832 2674 898 2747 hac
919 2672 1072 2766 sortunl,
1101 2675 1160 2749 nist
1184 2694 1224 2749 tu

244 2803 273 2842 “
295 2815 409 2892 ponor
417 2795 512 2867 esses
563 2796 616 2866 Ea
633 2815 713 2868 aetas
728 2813 803 2885 tua,
822 2821 900 2891 quae
914 2794 1121 2893 cupiditates
1138 2795 1223 2869 ado
1238 2843 1244 2854 ·
1306 2819 1309 2825 ·

243 2926 271 2960 “
291 2912 499 2988 lescentiae
485 2939 562 3011 Jam
585 2913 771 3012 effugerit:
801 2939 842 2988 ea
869 2913 953 3005 vita,
979 2914 1016 2988 in
1042 2919 1112 3012 qul
1136 2916 1222 3001 nihil

243 3045 270 3079 “
289 2989 498 3132 praeteritiriit
531 3031 768 3107 excusandum
823 3036 961 3108 habeas.
1028 3024 1222 3110 Fortunam

241 3165 268 3200 “
287 3157 401 3233 adhuc
434 3155 571 3228 tantiam
595 3152 773 3228 adversam
806 3154 926 3228 tulisti.
974 3155 1141 3230 Secundae
1170 3180 1223 3229 ret

242 3286 270 3321 “
288 3275 477 3351 acrioribus
492 3273 638 3348 stimulis
654 3274 792 3352 animos
813 3254 1023 3373 explorant:
1055 3275 1137 3374 quia
1153 3275 1222 3348 mi·

122 3423 125 3429 ·
241 3406 270 3442 “
290 3395 380 3469 seriae
409 3395 613 3483 tolerantur,
637 3391 796 3468 felicitate
825 3396 1098 3493 corrumpimur.
1163 3395 1223 3469 Fi-

236 3528 271 3593 ,“
290 3519 388 3606 dem,
416 3515 624 3605 libertatem,
648 3514 852 3607 amicitiam,
879 3493 1222 3613 precipuahumani

243 3636 396 3712 “animi
422 3639 528 3725 bona,
559 3655 598 3708 tu
625 3635 769 3732 quidem
793 3637 915 3710 elidem
932 3634 1122 3709 constantia
1139 3633 1220 3707 teti*
1348 3721 1350 3723 ,

161 3739 165 3747 .
244 3770 270 3812 ιι
290 3758 410 3843 nebis:
442 3753 648 3855 sedaliiper
666 3754 873 3864 obsequium
889 3755 1110 3834 imminuent..
1160 3755 1220 3837 Ia·
1303 3826 1306 3831 .
