2844 4704
420 363 816 442 Hasronraaura
852 363 969 438 Lra
1004 365 1051 440 11.
1129 393 1194 468 131

123 569 134 583 ·
217 535 317 612 viciis
333 537 380 613 ad
402 539 537 613 caedem
554 539 731 614 tranfidre:
752 541 785 614 ὅτ
805 539 971 637 proelium
987 557 1089 614 atrox
1106 536 1198 615 arsls·

212 658 278 751 set,
300 658 337 732 ni
358 660 438 733 duae
463 660 631 758 praetoriae
649 660 823 750 cohortes,
854 645 992 737 causam
1014 664 1199 759 quartade-

214 781 434 855 cimanorum
455 781 594 874 secutae‚
622 781 676 856 his
706 783 885 875 fiduciam,
910 787 944 857 &
972 804 1109 857 metum
1134 787 1200 857 Ba·

214 903 302 977 tavis
329 901 504 977 fecissent:
545 911 573 947 ‘⁴
592 903 706 1000 quos’'
736 886 896 979 Vitellius
927 905 1110 1003 “agmini
1139 905 1202 979 suo

214 1030 243 1067 “
256 1021 402 1124 jungi,’'
430 1045 472 1098 ut
494 1025 611 1110 fidos3
640 1030 668 1066 “
685 1023 877 1123 legionem,
905 1024 1021 1099 Graiis
1050 1024 1200 1122 Alpibus
1286 1104 1288 1111 ,

179 1138 183 1156 ’
214 1151 243 1188 “
260 1147 473 1236 tradustam,
501 1172 553 1221 eo„
568 1148 665 1220 flexu
686 1145 816 1221 itineris
842 1146 914 1220 ire''
935 1144 1052 1243 jubet,
1080 1153 1201 1244 “quo

212 1267 436 1366 “Viennam
459 1268 609 1342 vitarent
623 1271 658 1340 :⁹⁹
686 1292 841 1365 namque
863 1271 896 1338 δι
919 1265 1129 1341 Viennenses
1153 1267 1199 1340 ti·
1225 1304 1229 1306 ·

219 1390 418 1460 mebantur.
467 1389 597 1479 Noae,
628 1388 699 1486 qual
726 1385 1006 1485 proficiscebatur
1023 1387 1129 1486 legio,
1149 1411 1203 1462 re-

214 1507 302 1581 lieris
331 1510 450 1605 paffim
466 1508 630 1608 ignibus,
654 1532 731 1605 pars
759 1507 923 1592 Taurinae
947 1507 1096 1582 coloniae
1124 1532 1202 1581 ama

174 1630 178 1637 ’
214 1627 331 1704 busta:
364 1631 461 1727 quod
480 1612 681 1719 damnum,
710 1648 749 1702 ut
780 1631 947 1726 pleraque
981 1628 1065 1702 belli
1092 1628 1198 1719 mala,
1247 1726 1249 1729 ι

123 1844 129 1852 ἡ
210 1746 402 1847 majoribus
429 1750 574 1826 aliamrn
602 1748 747 1825 urbium
776 1747 935 1824 cladibus
963 1748 1197 1823 obliteratum.

166 1915 168 1921 ·
208 1871 532 1968 Quartadecimani,
561 1850 749 1971 postquam
767 1868 926 1966 Alpibus
944 1868 1089 1967 degredi
1105 1871 1197 1961 sunt,

209 1990 469 2068 seditiosissimus
499 1993 644 2094 quisque
674 1996 770 2093 figna
800 1991 976 2064 Viennam
1012 1991 1193 2064 serebantt

208 2112 374 2188 consensu
395 2115 582 2190 meliomm
600 2114 802 2212 compressu
832 2118 866 2186 δε
890 2111 985 2211 legio
1005 2111 1043 2184 in
1059 2110 1193 2188 Britan·

207 2235 302 2311 niam
320 2234 522 2310 transvedla.
996 2215 1007 2232 ’

254 2358 411 2432 LXVII.
454 2360 664 2431 Pnoxrnrus
693 2348 841 2431 'vitellio
873 2378 893 2428 e
929 2351 1096 2451 praetoriis
1135 2379 1197 2430 co·

208 2477 368 2553 hortibus
403 2497 519 2551 metus
553 2495 647 2551 erat:
676 2475 822 2575 separati
851 2474 1020 2574 primum,
1053 2473 1196 2566 deinde,

152 2636 155 2641 ·
208 2598 327 2672 addito
350 2597 503 2674 honestae
527 2595 695 2672 missionis
715 2597 918 2687 lenimento,
943 2620 1039 2670 arma
1064 2596 1118 2669 ad
1133 2594 1196 2668 tri·

210 2718 326 2793 bunos
353 2719 431 2794 suos
459 2717 686 2793 deserebant:
712 2719 826 2815 donec
855 2737 992 2792 motum
1021 2742 1042 2790 a
1066 2713 1198 2812 Vespa·

210 2839 305 2912 srano
328 2840 462 2914 bellum
484 2839 725 2916 crebresceret:
749 2859 841 2930 tum,
863 2838 1036 2936 resumpta
1056 2837 1197 2929 militis,

207 2961 317 3034 robur
337 2943 580 3036 Flaiianarum
609 2959 762 3058 partium
787 2957 893 3035 fuere.
942 2938 1194 3034 Prima-cladi·

207 3105 333 3155 eorum
361 3081 454 3180 legio
477 3080 513 3155 in
529 3079 739 3180 Hispaniam
765 3080 878 3172 miffa,
905 3101 944 3154 ut
966 3106 1050 3179 pace
1067 3083 1102 3154 δι
1121 3079 1195 3155 otio

207 3201 427 3277 mitescerets
459 3202 647 3277 undecima
678 3228 719 3276 ac
752 3201 910 3301 septima,
944 3202 1011 3276 luis
1034 3200 1195 3275 ,hibernis

205 3322 372 3397 redditae:
399 3321 674 3397 tertiadecimani
690 3322 819 3397 struere
830 3321 1083 3421 amphitheatra
1091 3320 1191 3420 juffi:

155 3468 157 3471 ’
206 3470 290 3519 nam
311 3443 453 3519 Caecina
477 3445 680 3534 Cremonae,
708 3445 838 3517 Valens
859 3441 1039 3535 Bononia,
1059 3444 1192 3542 speeta-

109 3612 112 3621 -
206 3564 327 3638 culum
345 3565 578 3664 gladiatorum
593 3567 696 3639 edere
712 3566 904 3662 parabant:
933 3590 1128 3662 numquam
1145 3563 1194 3653 ita
1219 3575 1220 3580 ’

205 3685 252 3758 ad
268 3710 367 3762 curas
381 3686 516 3763 intento
531 3684 687 3774 Vitelli0‚
710 3704 749 3758 ut
766 3684 990 3782 voluptatum
1014 3680 1192 3759 oblivisce·

597 3925 741 4004 'Ka
