2844 4704
256 351 323 431 152
448 335 490 407 C.
531 334 797 408 Conunsrr
840 334 1042 409 Tacrrr

218 507 224 518 .
251 515 378 586 lentem
406 508 664 586 adsedabatur:
694 515 788 588 unde
807 514 962 611 primum
979 511 1128 588 creditur
1151 511 1230 584 Cae-

252 634 335 706 cinae
355 632 440 703 fides
458 631 612 706 fluitaffe.

298 754 427 825 XCIV.
453 754 649 827 Caranum
677 780 748 828 non
777 756 823 827 ita
840 753 989 828 ducibus
1013 753 1151 827 indulsit
1169 751 1231 825 Vi·

251 874 378 963 tellius,
407 890 446 946 ut
474 898 545 945 non
579 874 656 972 plus
684 874 784 946 militi
819 875 958 948 liceret:
998 875 1058 948 fibi
1088 873 1234 971 quisque

253 992 411 1067 militiam
436 991 638 1091 sumpsere:
670 994 829 1091 quamvis
846 994 1023 1091 indignus,
1052 998 1074 1067 fi
1095 995 1141 1066 ita
1157 1018 1231 1065 ma·

252 1115 376 1205 luerat,
403 1115 559 1187 Urbanae
578 1113 709 1216 militiae
727 1113 1004 1187 adscribebatur:
1035 1112 1147 1207 rursus
1171 1115 1234 1186 bo·
1326 1102 1331 1114 .

252 1234 320 1324 nis,
347 1234 630 1331 remanereinter
654 1233 878 1331 legionarios,
902 1252 961 1305 aut
985 1234 1091 1304 alares
1117 1235 1235 1310 voleni·

251 1354 359 1441 tibus,
389 1353 618 1450 permiffum:
647 1380 711 1427 nec
737 1356 880 1426 deerant
907 1353 969 1449 qui
998 1355 1139 1441 vellent,
1168 1351 1239 1425 felir
1334 1360 1337 1363 ’

252 1474 397 1565 morbis,
425 1473 721 1570 &intemperiem
740 1474 814 1546 caeli
838 1471 1041 1545 incusantes.
1093 1475 1238 1546 Robora

253 1616 371 1668 tamen
404 1595 602 1696 legionibus
634 1593 763 1690 alisque
795 1591 968 1665 subtracta
986 1615 1001 1663 ε’
1033 1592 1238 1666 convulsum

256 1715 444 1789 castrorum
473 1716 592 1803 deors,
625 1712 752 1811 viginti
774 1712 927 1786 millibus
951 1736 970 1783 e
993 1729 1067 1784 toto
1083 1711 1237 1784 exercitu

255 1834 436 1932 permixtis
455 1834 580 1930 magis,
610 1835 716 1931 quam
734 1832 863 1906 electis.
914 1832 1156 1905 Concionante
1172 1831 1236 1904 Vi·

255 1955 367 2043 telli0,
397 1954 613 2051 postulantur
644 1956 735 2026 “ad
757 1953 967 2050 supplicium
991 1953 1176 2043 Asiaticus,
1204 1957 1237 2025 δι

97 2104 102 2114 ·
210 2127 214 2133 .
257 2082 286 2118 “
305 2074 458 2165 Flavius,
499 2079 532 2146 ὅτ
561 2077 728 2163 Rufinus,
759 2076 866 2146 duces
894 2057 1103 2159 Galliarum,
1138 2072 1236 2169 quod

257 2204 367 2294 “pro
396 2195 544 2269 Vindice
572 2187 782 2267 bellallent.''
830 2196 908 2266 Nec
939 2195 1123 2266 co'e'rcebat
1148 2189 1237 2288 'ejus-

256 2317 352 2390 modi
371 2342 475 2390 voces
502 2316 688 2405 Vitellius3
718 2314 818 2411 super
841 2313 973 2386 infitam
999 2313 1119 2386 animo
1136 2312 1237 2410 igna-

254 2439 363 2528 viam,
390 2436 546 2512 conscius
577 2436 638 2509 srbi
667 2434 789 2507 instare
815 2422 1036 2523 donativum,
1066 2435 1238 2506 &deesse

210 2627 216 2641 ,
257 2558 458 2656 pecuniam,
485 2556 603 2629 omnia
628 2556 694 2627 alia
712 2555 814 2627 militi
834 2553 1050 2652 largiebatur.
1100 2555 1238 2635 Liberti

255 2678 470 2774 Principum,
493 2674 691 2773 “conferre
707 2701 771 2771 pro
785 2701 930 2748 numero
943 2674 1240 2772 mancipiorumss?

257 2818 296 2870 ut
315 2799 500 2888 tributum,
522 2795 613 2894 jussi.
664 2793 752 2892 Ipse,
779 2794 847 2868 sola
865 2794 1031 2894 perdendi
1050 2798 1144 2886 curi,
1174 2796 1240 2869 lla-

257 2920 340 2990 bula
356 2918 484 3016 aurigis
497 2916 703 2991 exstruere:
739 2914 872 2989 circum
900 2916 1131 3015 gladiatorum
1156 2914 1240 2990 fera·

256 3061 404 3134 rumque
430 3036 628 3134 spectaculis
656 3038 824 3132 opplere:
851 3056 1032 3134 tamquam
1054 3037 1089 3109 in
1105 3035 1241 3113 summi

259 3147 487 3247 abundantii,
516 3155 671 3254 pecuniae
694 3156 860 3230 inludere.

309 3276 420 3349 XCV.
446 3280 557 3374 Qun
589 3276 789 3350 &natalem
806 3275 938 3349 Vitellii
965 3276 1073 3366 diem,
1099 3273 1240 3350 Caecina

260 3421 300 3468 ac
317 3397 458 3486 Valens,
486 3395 584 3471 editis
602 3400 673 3470 toti
697 3398 798 3469 Urbe
815 3395 957 3470 vicatim
976 3395 1239 3496 gladiatoribus,

261 3507 492 3620 celebravere,
518 3513 650 3611 ingenti
682 3538 816 3615 paratu,
832 3555 834 3593 ;
853 3522 886 3590 ba
913 3538 993 3591 ante
1019 3517 1119 3590 illum
1145 3514 1243 3617 diem

259 3635 407 3711 insolito.
456 3637 599 3706 Latum
628 3635 815 3710 foedillrmo
841 3636 982 3733 cuique,
1013 3638 1108 3735 apud
1131 3639 1243 3710 bonos

260 3755 400 3837 invidiae
420 3753 509 3853 luit,
546 3751 656 3851 quod,
691 3757 871 3834 exstruitis
896 3756 933 3833 in
959 3783 1086 3858 campo
1110 3756 1243 3834 Martio
