2806 4694
360 355 756 444 llrrroirnrunr
797 369 907 443 er.
942 369 971 444 1.
1120 394 1164 474 35

72 558 79 610 .’
180 541 299 617 attulit
327 561 466 642 tempus
494 569 536 619 ac
564 545 677 635 locus,
699 545 794 643 quia,
823 542 921 618 initio
937 542 1043 618 caedis
1071 565 1164 637 orto,
1253 634 1256 639 .

177 663 330 738 difficilis
358 665 510 739 modus:
542 670 576 740 &
610 667 797 741 turbavere
829 664 1009 739 confilium
1038 659 1165 763 trepidi

178 784 306 876 nuntii,
324 811 364 859 ac
377 786 625 884 proximorum
638 785 800 886 diffugia,
820 776 1068 885 languentibus
1083 811 1168 860 ome

180 904 279 979 nium
307 906 442 999 studiis,
471 907 538 1009 qui·
557 907 672 1005 primi>
688 909 818 981 alacres
835 907 944 981 fidem
961 920 1066 1006 arque
1087 907 1161 979 ani-
1205 904 1208 910 ’

178 1051 281 1110 mum
306 1019 571 1102 ostentaverant.

229 1129 312 1221 XI„
350 1149 574 1222 horninur
592 1150 662 1224 huc
679 1149 762 1224 illuc
784 1151 912 1239 Galba,
931 1151 1031 1224 vario
1049 1153 1162 1225 turba

107 1279 116 1289 '
178 1269 380 1342 lluduantis
407 1269 583 1366 impullu;
608 1271 795 1368 completio
825 1272 982 1369 undique
1015 1270 1161 1345 basilicis
1189 1320 1191 1325 .

176 1413 221 1461 ac
237 1389 397 1487 templis‚·
412 1389 551 1488 lugubri
570 1391 774 1489 prospediu:
802 1412 917 1490 neque
936 1392 1073 1488 populi,
1101 1399 1161 1465 aut

178 1506 292 1606 plebis
322 1512 389 1585 ulla
406 1530 502 1586 vox.
533 1513 590 1587 sed
607 1513 745 1587 attoniti
766 1515 897 1604 vultus,
923 1517 958 1586 dt
986 1484 1160 1586 conrelsae

174 1632 220 1704 'ad
236 1633 355 1705 omnia
371 1657 468 1707 aures
486 1662 494 1706 ε
526 1660 599 1707 non
616 1635 802 1724 tumultus,
821 1649 893 1707 non
910 1632 1027 1731 quies:
1055 1635 1159 1731 quale

174 1753 296 1851 magni
314 1753 427 1826 metire
440 1759 474 1828 δι
494 1780 634 1854 magnae
651 1755 710 1829 irae
727 1755 899 1830 silentium
916 1753 974 1827 est·
1023 1750 1158 1828 Othoni

173 1885 294 1946 tamen
325 1875 490 1948 “armari
510 1877 675 1973 plebem’'
705 1866 940 1950 nuntiabatur.
991 1874 1045 1948 Ire
1068 1893 1155 1973 prae·

174 1992 312 2089 cipites,
343 1995 376 2067 dr
405 2020 578 2094 occupare
609 1983 762 2094 pericula
788 1994 902 2095 jubet.
953 1995 1066 2095 Igitur
1089 1997 1155 2070 mi-

174 2110 250 2188 lites
292 2115 461 2206 Romani,
488 2110 600 2214 'quasi
629 2116 840 2217 Vologesen,
873 2139 934 2191 aut
962 2120 1153 2207 Pacorum,

171 2235 264 2309 avito
283 2229 529 2311 Arsacidarum
545 2236 630 2310 solio
646 2237 835 2335 depulsuri,
866 2255 906 2313 ac
936 2265 1009 2312 non
1036 2230 1153 2336 lmpe·

172 2365 319 2431 latorem
343 2356 461 2448 suum,
487 2354 657 2431 inermem
674 2363 707 2431 ἃ
725 2358 854 2450 senem,
877 2359 1050 2432 trucidare
1075 2376 1153 2456 per·
1182 2456 1184 2459 ι

172 2495 308 2576 gerent,
339 2477 485 2577 disjeda
508 2480 625 2576 plebe,
657 2480 856 2576 proculcato
883 2477 1016 2571 senatu,
1041 2500 1154 2556 truces
1221 2524 1222 2527 π

169 2599 289 2688 armis,
317 2599 446 2697 rapidis
468 2599 569 2698 equis
594 2597 708 2674 forum
732 2599 964 2698 inrumpuntz
991 2624 1055 2675 nec
1074 2600 1153 2675 illos

170 2717 338 2816 Capitolii
361 2707 529 2818 alpetrus,
567 2724 601 2794 δι
642 2718 905 2795 imminentium
936 2724 1155 2819 templorum·

171 2837 314 2936 religi0,
347 2843 379 2912 a
414 2841 539 2936 priores
572 2845 607 2915 dr
640 2839 746 2915 futuri
777 2840 957 2937 Principes
984 2846 1150 2933 terruere,

169 2958 363 3056 quominus
385 2946 674 3052 lacesendum,
699 2957 798 3059 cujus
816 2960 905 3034 ultor
928 2959 978 3034 est
996 2961 1150 3061 quisquis

169 3078 334 3154 lucceffit.

215 3202 319 3275 XLI.
345 3202 441 3276 Vrso
458 3203 619 3277 cominus
636 3219 846 3278 annatorum
876 3200 1033 3300 agmine,
1064 3229 1150 3279 vex·

165 3322 293 3396 illarius
325 3323 523 3415 comitantis
553 3326 706 3397 Galbam
720 3378 723 3383 -
738 3318 895 3399 cohortis
935 3324 985 3421 (“
998 3324 1149 3399 Atilium

166 3440 452 3542 “Vergilionem
482 3441 607 3518 fuisse’'
633 3445 792 3538 tradunt)
827 3442 1007 3543 dereptam
1024 3436 1150 3519 Galbae

165 3564 357 3662 imaginem
384 3560 457 3638 solo
484 3559 631 3638 adflixit.
683 3565 738 3638 Eo
766 3567 864 3664 signo
897 3561 1079 3639 manifesta
1111 3565 1148 3644 in

163 3685 345 3759 Othonem
362 3685 525 3759 omnium
543 3683 696 3759 militurn
716 3684 841 3777 studia,
867 3685 1040 3761 desertum
1062 3683 1148 3785 fugd

166 3806 288 3902 populi
315 3804 447 3897 forum,
472 3803 631 3881 destrieia
655 3805 817 3886 adversis
844 3806 1043 3880 dubitanter
1068 3805 1146 3878 tela.

630 3925 668 3998 D
692 3952 712 3998 2
