2820 4694
330 317 723 426 Htsrontrnonr
757 344 960 422 Lialv.
1066 354 1133 448 ἐμ
1226 352 1230 363 ’

157 520 280 604 stantia
304 528 408 616 mala,
432 524 534 600 falsos
558 551 701 626 pavores
721 524 895 615 induerat,
922 529 949 566 ‘'‘
963 521 1142 599 descitill'e

158 659 187 696 “
206 648 378 738 Africam,
407 672 461 722 res
486 630 595 722 novas
623 648 790 722 moliente
822 647 869 720 L.
899 643 1059 717 Pisone.''
1106 647 1142 720 la
1263 630 1266 637 ’

158 790 304 871 praeerat
327 767 533 867 provinciae,
562 786 784 866 nequaquam
802 765 961 840 turbidus
984 764 1143 864 ingenio.

158 892 227 966 Sed
244 891 447 989 quianaves
469 889 598 962 saevitia
615 888 739 962 hiemis
757 887 1047 985 prohibebantur,
1063 886 1144 960 vul·

160 1037 241 1112 gua,
270 995 434 1085 alimenta
450 1010 486 1084 in
501 1009 575 1082 dies
592 1008 736 1083 mercari
752 1005 905 1099 solitum,
930 992 987 1082 cui
1011 1032 1082 1080 una
1095 1031 1146 1081 ex

159 1131 342 1230 republica
373 1157 521 1205 annonae
554 1156 651 1222 cura,
688 1128 844 1232 clausum
873 1129 968 1219 litus,
1005 1127 1146 1202 retineri

161 1252 388 1328 “commeatus
403 1252 491 1325 dum
514 1251 628 1341 timet,
655 1253 840 1324 credebat:
872 1248 1078 1347 augentibus
1094 1246 1145 1322 fa·

163 1360 261 1448 marn
286 1360 495 1463 Vitellianis,
526 1370 588 1470 qui
613 1372 766 1446 studium
801 1369 951 1470 partium
985 1370 1147 1443 nondum

164 1493 370 1593 posuerant:
396 1510 441 1569 ne
456 1493 649 1567 victoribus
667 1493 813 1590 quidem
829 1492 971 1591 ingrato
994 1515 1146 1583 rumore,
1195 1579 1197 1585 ι

83 1601 85 1612 ’
163 1642 318 1715 quorum
339 1614 561 1714 cupiditates,
587 1614 738 1688 extemis
762 1595 905 1712 qnoque
925 1612 1025 1688 bellis
1047 1612 1145 1686 inex·

118 1702 323 1836 'prona
339 1737 435 1809 nura
452 1760 625 1834 umquam
639 1734 755 1809 civiti.
772 1733 915 1808 naor.
929 1732 1074 1809 satiavit.
1136 1717 1138 1720 ⁴

178 1891 181 1901 λ
214 1860 391 1934 XXXIX.
416 1842 629 1930 Kninnurs
647 1853 834 1953 Januariis,
848 1855 884 1928 in
896 1854 1028 1947 senatu,
1042 1876 1149 1955 quem

165 1979 278 2076 Julius
295 1978 496 2069 Frontinus,
520 2000 647 2078 praetor
669 1979 851 2069 Urbanus,
869 1998 1070 2068 vocaverat,
1097 1979 1148 2050 le·

167 2101 256 2200 gatis
272 2099 564 2198 exercitibusque,
589 2125 630 2174 ac
645 2098 802 2198 regibus,
830 2104 859 2146 “
877 2099 997 2172 laudes
1021 2087 1149 2198 grates·
1191 2180 1194 2184 ἱ

166 2226 195 2267 “
214 2223 307 2321 que''
342 2222 504 2295 decreta.
566 2223 614 2293 Et
649 2219 772 2293 Tertio
809 2218 952 2316 Juliano
987 2202 1154 2316 praetura,

165 2348 195 2386 “
212 2363 396 2440 tamquam
427 2337 736 2438 transgredientem
763 2339 801 2414 in
826 2359 936 2439 partes
957 2334 1151 2435 Vespafiani

168 2461 393 2560 “legionem
426 2459 661 2548 deseruillet,”
692 2462 820 2553 ablata,
854 2476 895 2536 ut
926 2458 963 2532 in
995 2457 1151 2532 Plotium

165 2581 345 2678 Griplrurn
361 2577 609 2654 transferretur.
658 2563 975 2680 Hormodignitas·
985 2566 1153 2679 equestris

167 2701 263 2792 data.
314 2702 362 2772 Et
384 2725 484 2789 mort,
505 2698 656 2798 ejurante
681 2703 863 2795 Frontino,
888 2701 1003 2776 Caesar
1024 2697 1153 2775 Domi·

167 2821 284 2895 cianus
302 2835 487 2921 praeturam
504 2821 608 2918 cepit.
649 2820 737 2924 ¹Ejus
751 2848 879 2898 nornen
891 2821 1040 2921 epistolis
1056 2822 1153 2895 edic·

166 2941 282 3041 tisque
309 2943 598 3039 preponebatur:
624 2940 678 3014 vis
696 2968 801 3040 penes
826 2944 1038 3019 Mucianum
1058 2960 1151 3030 erat;

59 3073 63 3081 ’
167 3063 232 3139 nifi
250 3061 347 3162 qubd
366 3063 530 3160 pleraque
547 3062 788 3156 Domitianus,
806 3063 1048 3164 instigantibus
1066 3063 1154 3139 ami-

169 3184 236 3276 cis,
271 3203 333 3257 aut
366 3182 505 3282 proprid
533 3184 690 3275 libidine,
725 3186 888 3259 audebat.
937 3187 1005 3260 Sed
1031 3186 1153 3284 praci-

168 3327 261 3405 puus
284 3306 457 3380 Muciano
482 3323 597 3380 metus
616 3331 638 3378 e
658 3294 777 3379 Primo
796 3304 966 3395 Antonio,
992 3308 1155 3407 Varoque

172 3428 297 3502 Arrio:
326 3453 417 3526 quos
447 3445 612 3516 recentes,
634 3423 813 3531 clarosque
842 3449 955 3525 rerum
982 3424 1088 3519 lamb,
1113 3453 1155 3502 ac

169 3549 323 3623 militum
347 3548 481 3638 studiis,
508 3546 614 3621 etiarn
648 3547 799 3645 populus
823 3543 975 3638 fovebat,
1006 3550 1089 3647 quia
1109 3549 1153 3619 in

119 3730 123 3741 .
172 3669 351 3743 neminem
366 3672 457 3743 ultra
468 3669 579 3743 aciem
596 3665 786 3742 saevierant.
830 3670 877 3741 Et
891 3666 1062 3744 ferebatur
1077 3673 1154 3740 An·
1205 3681 1206 3687 ’

172 3789 291 3864 tonius
313 3790 575 3895 Scribonianum
590 3792 761 3883 Craffum,
777 3791 927 3891 egregiis
951 3787 1152 3890 majoribus,
