2766 4658
231 334 279 423 46
439 327 1020 407 C.Coauat11TActr‘r

232 501 426 594 Vatinium,
444 502 485 579 iis
496 501 710 578 orationibus
720 498 862 577 insecuti
878 502 970 596 sunt,
996 528 1083 605 quas
1097 505 1228 581 hodio-

232 652 303 726 que
320 651 403 699 cum
419 623 643 699 admiratione
655 622 815 721 legimus.

283 748 441 821 XXXV.
469 751 528 819 Ar
545 770 639 817 nunc
655 743 899 819 adolescentuli
915 745 1018 820 nostri
1034 747 1225 823 deducun-

234 887 290 940 tur
310 867 346 938 in
368 865 483 940 scenas
507 862 804 956 scholasticorum,
836 866 897 964 qui
920 868 1069 942 rhetores
1088 895 1223 942 vocan-

234 1009 312 1060 tur:
332 1006 428 1084 quos
442 985 561 1082 paullo
576 1005 656 1059 ante
671 984 850 1061 Ciceronis
867 1009 1024 1086 tempora
1040 987 1222 1077 exstitisse,

233 1132 300 1183 nec
317 1104 486 1203 placuisse
497 1103 686 1202 majoribus
702 1106 841 1197 nostris,
872 1133 917 1181 ex
941 1104 986 1182 eo'
1000 1107 1223 1183 manifestum

234 1227 300 1319 est,
326 1225 438 1323 qubd,
464 1229 510 1298 L.
527 1227 645 1301 Crasso
663 1231 696 1301 δι
715 1228 873 1301 Domitio
899 1228 1114 1320 censoribus,
1144 1230 1224 1302 clu·

234 1348 330 1437 dere,
360 1366 400 1420 ut
415 1346 463 1419 ait
479 1346 616 1438 Cicero,
647 1349 773 1422 ludum
790 1348 1017 1446 impudentiae
1034 1347 1115 1448 jusfi
1131 1347 1224 1423 sunt.

234 1469 317 1559 Sed,
346 1486 385 1542 ut
419 1468 533 1542 dicere
561 1469 789 1560 institueram,
814 1469 1035 1545 deducuntur
1058 1470 1095 1545 in
1121 1469 1224 1546 scho-

238 1588 304 1679 las,
334 1587 477 1686 quibus,
505 1615 578 1665 non
605 1589 703 1665 facile
728 1590 893 1683 dixerim,
926 1612 1090 1667 utrumne
1123 1594 1225 1666 locus

238 1707 326 1816 ipse,
358 1735 405 1784 an
435 1709 679 1810 condiscipuli,
707 1737 754 1785 an
784 1737 893 1811 genus
923 1713 1115 1788 studiorum
1142 1715 1225 1808 plus

182 1857 185 1871 ·
233 1829 319 1907 mali
345 1830 495 1929 ingeniis
521 1833 673 1907 afferant.
722 1835 819 1907 Nam
843 1833 880 1908 in
904 1836 983 1923 loco
1011 1833 1098 1908 nihil
1119 1860 1221 1907 reve-

238 1949 375 2039 rentiae,
401 1951 512 2030 sedin
530 1981 635 2052 quem
654 1979 758 2027 nemo
774 1955 834 2030 nist
852 1957 952 2052 aeque
968 1954 1148 2052 imperitus
1166 1954 1224 2026 in·

238 2090 316 2144 trat.
365 2073 406 2145 ln
428 2074 670 2173 condiscipulis
693 2074 779 2148 nihil
800 2073 985 2171 profectus,
1012 2075 1096 2146 crim
1120 2074 1225 2170 pueri

242 2194 332 2268 inter
349 2220 488 2292 pueros,
515 2201 549 2271 ἃ
566 2194 809 2272 adolescentuli
834 2194 919 2297 inter
935 2191 1223 2283 adolescentulos,

239 2315 315 2414 pari
330 2315 507 2392 securitate
524 2323 558 2392 δι
575 2317 708 2408 dicant,
734 2322 768 2392 δι
794 2318 985 2391 audiantur.
1032 2315 1118 2414 lpsae
1134 2312 1225 2388 verb

238 2436 501 2512 exercitationes
519 2441 647 2538 magns
664 2465 710 2513 ex
727 2459 824 2537 parte
840 2437 1031 2512 contratiae.
1080 2438 1227 2535 Nempe

238 2561 333 2634 enirn
349 2562 422 2634 duo
447 2585 574 2658 genera
598 2559 821 2633 materiarum
843 2560 938 2658 apud
963 2558 1115 2631 rhetores
1131 2578 1224 2632 trac·

238 2703 369 2772 tantur,
387 2680 553 2771 suasoria,
581 2686 614 2754 δι
633 2684 887 2757 controverslae.
937 2682 995 2753 Ex
1012 2678 1051 2752 iis
1068 2676 1225 2753 suasoria

238 2804 398 2902 quidem,
433 2804 492 2876 etsi
526 2822 708 2900 tamquam
737 2801 840 2899 plane
873 2800 1077 2876 leviores&
1107 2800 1225 2874 minus

238 2923 429 3023 prudentiae
458 2921 653 3021 exigentes,
683 2922 798 3019 pueris
826 2923 1053 3020 delegantur3
1084 2942 1223 2995 contro·

237 3050 355 3120 versiae
373 3043 618 3120 robustioribus
635 3043 870 3141 adfignantur,
885 3044 1002 3142 quales
1021 3068 1083 3140 per
1098 3043 1224 3133 fidem,

238 3170 272 3238 ὅτ
298 3168 406 3264 quam
432 3163 679 3241 incredibiliter
702 3166 925 3261 composrtae!
969 3164 1132 3263 Sequitur
1159 3189 1223 3237 au·
1288 3256 1293 3261 ἱ

237 3307 309 3358 tem
326 3307 364 3358 ut
381 3286 545 3377 materia,
570 3284 770 3359 abhorrenti
795 3310 816 3358 a
837 3283 994 3374 veritate,
1012 3282 1220 3357 declamatio

238 3430 382 3504 quoque
413 3407 636 3483 adhibeatuta
688 3405 744 3479 Sic
778 3407 819 3477 fit
847 3426 886 3478 ut
919 3404 1222 3502 tyrannicidarum

239 3525 395 3626 praemia,
421 3547 479 3598 aut
493 3527 692 3601 vitiatarum
717 3525 916 3616 electiones,
944 3547 1003 3599 aut
1022 3523 1227 3624 pestilentiae

232 3645 401 3735 remedia,
435 3667 494 3718 aut
528 3647 656 3721 incesta
689 3669 854 3737 matrum,
888 3667 947 3719 aut
980 3642 1154 3744 quidquid
1188 3644 1227 3722 in

237 3757 352 3845 scholi
371 3765 525 3871 quotidie
542 3767 670 3866 agitur,
696 3768 731 3843 in
749 3767 901 3845 foronvel
919 3767 1007 3859 rard,
1032 3770 1092 3843 vel
1118 3793 1224 3844 num·
