2844 4704
286 374 355 452 174
504 348 546 419 C.
585 345 831 419 Coauanri
860 344 1039 420 Tscrri

172 566 176 579 ·
286 522 451 598 violenter
466 518 661 615 Aponium,
684 517 794 615 quam
815 518 1035 609 Flavianum,
1059 517 1105 592 ad
1129 509 1259 615 suppli·

280 642 373 718 cium
413 635 646 734 deposcerent.
713 638 857 737 Qippe
896 643 1053 725 Moeucae
1088 639 1257 738 legiones,

282 756 485 855 “adjutam
517 785 539 831 a
569 758 602 832 se
632 759 899 834 Pannoniorum
927 760 1138 851 ultionem,''
1171 758 1257 833 rese-

277 900 388 956 rentes
395 908 406 963 ;
435 884 467 952 δι
487 879 693 969 Pannonici,
722 883 818 953 velut
835 882 1094 956 absolverentur
1110 882 1261 955 aliorum

277 999 457 1088 seditione,
491 998 614 1071 iterare
635 1001 775 1096 eulpam
797 1003 1008 1098 gaudebant.
1058 1006 1099 1076 ln
1124 1005 1259 1092 hortos,

195 1182 197 1184 ,
278 1121 315 1198 in
340 1121 468 1219 quibus
491 1120 732 1191 devertebatur
753 1122 966 1211 Saturninus,
995 1143 1165 1247 pergunt:
1195 1148 1260 1196 nec

279 1262 352 1314 tam
370 1239 525 1328 Primus,
548 1239 767 1335 Aponianus,
795 1244 828 1312 δι
847 1244 996 1336 Messala
1024 1246 1262 1345 (quamquam

278 1361 379 1435 omni
401 1362 509 1434 modo
533 1359 613 1454 nisi)
632 1360 787 1456 eripusre
803 1361 1041 1451 Saturninum,
1063 1364 1173 1459 >quam
1197 1366 1261 1437 ob-

279 1482 414 1556 scuritas
431 1482 650 1570 latebrarum,
665 1475 792 1579 quibus
810 1482 1046 1573 occulebatur,
1064 1484 1261 1557 vacantium

198 1642 200 1647 f
235 1609 238 1611 ’
281 1602 368 1676 sorte
385 1603 588 1679 balnearum
612 1600 810 1687 fornacibus
827 1603 989 1677 abditus:
1016 1629 1117 1693 mox,
1136 1606 1263 1676 omissis

280 1723 474 1810 lidoribus,
501 1723 685 1803 Patavium
702 1727 876 1797 concessit.
925 1723 1087 1822 Digreslii
1105 1723 1259 1819 consula·
1349 1782 1351 1787 Α

175 1926 180 1939 .
280 1845 387 1933 rium,
417 1843 477 1916 uni
507 1843 665 1915 Antonio
689 1844 741 1916 vis
770 1846 981 1941 &potestas
1013 1845 1049 1917 in
1076 1861 1262 1942 utrumque

279 1964 473 2038 exercitum
506 1963 585 2054 suit,
614 1965 818 2038 cedentibus
851 1965 1009 2064 collegis,
1045 1971 1080 2038 ὅτ
1113 1968 1262 2039 obversis

281 2085 436 2161 militum
452 2084 595 2157 studiis:
616 2109 681 2157 nec
697 2085 837 2157 deerant
850 2086 911 2182 qui
928 2088 1119 2177 crederent,
1133 2108 1264 2159 utram·

282 2231 352 2305 que
376 2205 579 2279 seditionem
603 2204 724 2279 fraude
742 2206 886 2281 Antonii
911 2226 1079 2304 coeptam,
1109 2226 1147 2278 ut
1172 2207 1284 2280 solus.

282 2329 376 2402 bello
398 2325 581 2400 frueretur.

332 2428 416 2501 Xll.
442 2426 504 2499 Na
542 2427 578 2498 in
611 2424 745 2500 Vitellii
780 2425 922 2523 quidem
954 2424 1109 2523 partibus
1137 2425 1264 2524 quietae

283 2569 430 2637 mentes,
463 2547 655 2622 exitiosiore
689 2546 870 2635 discordia,
905 2572 976 2619 non
1012 2543 1263 2642 suspicionibus
1335 2602 1338 2614 .

284 2669 398 2767 vulgi,
424 2666 481 2741 sed
496 2667 641 2764 persidia
657 2669 804 2756 ducum,
823 2668 1062 2741 turbabantur.
1105 2665 1265 2740 Lucilius

284 2790 415 2878 Bassus,
458 2787 564 2862 claffis
603 2786 815 2862 Ravennatis
849 2784 1044 2884 praseslus,
1079 2786 1267 2884 ambiguos

242 2944 248 2961 ι
286 2908 438 2982 militum
455 2909 603 2998 animos,
630 2907 728 3006 quod
746 2934 876 3006 magna
895 2934 969 3005 pars
986 2908 1158 2980 Dalmatae
1174 2909 1265 2980 Pan·

286 3028 453 3126 noniique
482 3048 590 3119 erant,
620 3055 700 3125 quae
726 3027 914 3123 provincia
944 3027 1147 3124 Vespasiano
1171 3046 1266 3099 tene-

287 3149 427 3237 bantur,
449 3150 603 3244 partibus
627 3147 701 3246 ejus
724 3166 1000 3246 aggregaverat„
1034 3150 1122 3221 Nox
1148 3147 1266 3243 prodi-

287 3265 373 3339 tioni
400 3270 522 3359 elesla,
552 3291 605 3360 ut,
630 3267 749 3342 ceteris
773 3267 919 3366 ignaris,
952 3267 1014 3341 soli
1042 3269 1077 3340 in
1098 3265 1268 3364 principia

286 3387 477 3462 defessores
489 3389 633 3462 coirent?
681 3390 797 3463 Bassus
815 3391 962 3485 pudore,
990 3388 1046 3462 seu
1064 3408 1159 3462 metu
1177 3385 1268 3484 quis·

288 3532 369 3580 nam
382 3506 494 3580 exitus
510 3506 613 3599 foret,
631 3509 720 3582 intra
731 3506 881 3583 domum
892 3508 1144 3605 opperiebatur.
1188 3506 1269 3578 Tri-

200 3708 202 3712 ,
288 3627 436 3717 erarchi,
463 3653 593 3725 magno
617 3631 786 3719 tumultu,
814 3628 944 3702 Vitellii
973 3628 1145 3727 imagines
1169 3628 1269 3700 inva-

288 3751 389 3839 dunt,
418 3753 451 3822 &
480 3746 598 3844 paucis
615 3749 842 3824 resistentium
859 3749 1087 3842 obtruncatis,
1118 3771 1270 3826 ceterum
