2766 4658
218 329 268 406 40
429 307 473 383 C.
511 306 758 381 Conuatrr
791 298 987 380 Tuctr't·

219 487 319 559 berat
343 481 401 556 illa
429 479 640 556 admirabilis
667 479 889 578 eloquentia:
916 504 1032 580 neque
1056 477 1206 560 oratoris

220 604 278 678 vis
295 608 329 678 tc
342 603 504 707 facultas,
531 604 616 676 srcut
632 621 822 688 ceterarum
841 626 974 694 rerum,
1000 604 1150 703 angustis
1167 609 1207 680 dt

220 722 387 799 brevibus
408 720 559 795 terminis
577 720 838 804 cluditur2s0d
860 722 889 794 is
912 722 963 795 est
984 746 1118 818 orator,
1144 717 1207 825 qui

220 845 267 918 de
281 844 376 917 omni
393 840 580 942 quaestione
602 842 763 940 pulchre,
791 847 826 918 δι
842 845 972 934 ornate,
1001 851 1036 918 ὅτ
1059 848 1106 920 ad
1123 872 1207 944 per·

221 963 438 1038 suadendum
463 960 544 1058 apte
570 948 700 1051 dicere,
727 987 792 1060 pro
816 961 987 1063 dignitate
1002 991 1128 1056 rerum,
1154 966 1205 1039 ad

220 1081 407 1157 utilitatem
423 1101 640 1179 temporum,
666 1108 751 1157 cum
773 1084 959 1181 voluptate
988 1084 1204 1160 audientium

219 1205 331 1302 poffit.

268 1323 409 1398 XXXI.
446 1322 548 1398 Hrac
586 1324 647 1398 fibi
684 1323 735 1398 illi
768 1343 898 1400 veteres
931 1324 1204 1425 persuadebant:

126 1536 130 1542 Ι
220 1444 268 1518 ad
300 1444 377 1516 haec
409 1442 591 1518 efficienda
619 1444 862 1545 intelligebant
893 1472 983 1545 opus
1015 1449 1097 1539 effe,
1134 1469 1209 1523 non

219 1583 260 1637 ut
292 1565 471 1637 rhetontm
502 1561 625 1637 scholis
653 1565 905 1657 declamarent,
943 1592 1008 1642 nec
1037 1588 1077 1643 ut
1101 1568 1206 1660 fieus,

219 1677 286 1758 n'ec
308 1684 384 1758 ullo
402 1684 511 1757 modo
523 1685 569 1761 ad
580 1685 766 1761 veritatem
785 1686 1043 1781 accedentibus,
1061 1708 1219 1764 contro·w

219 1802 336 1880 versris
369 1804 526 1905 linguam
554 1806 665 1881 modo
692 1812 727 1882 δι
764 1833 891 1884 vocem
916 1828 1127 1901 exercerent,
1145 1808 1206 1883 sed

219 1924 337 1999 uthis
370 1925 499 2000 artibus
532 1928 650 2025 peetus
681 1926 880 2023 implerent,
922 1929 960 2003 in
994 1931 1125 2029 quibus
1158 1929 1206 2004 de

209 2042 322 2124 *bonis
348 2070 390 2118 ac
419 2045 533 2138 malis,
557 2047 603 2120 de
624 2044 767 2120 honesto
783 2072 825 2120 ac
848 2048 955 2144 turpi,
981 2050 1028 2122 de
1040 2049 1136 2148 justo
1165 2050 1207 2122 δε

218 2163 344 2263 injusto
360 2165 563 2264 disputatur.
612 2169 706 2242 Haec
723 2166 818 2242 enim
839 2166 889 2242 est
911 2169 1034 2242 oratori
1049 2168 1205 2266 subjecta

219 2289 266 2362 ad
289 2287 483 2364 dicendum
507 2288 663 2363 materia.
712 2291 810 2364 Nam
838 2288 874 2362 in
897 2285 1034 2387 judiciis
1057 2287 1128 2362 sere
1156 2288 1206 2363 de

221 2409 398 2509 aequitate,
416 2410 452 2481 in
464 2408 774 2483 deliberationibus
785 2410 831 2483 de
846 2408 1024 2483 honestate
1038 2406 1208 2499 dicimus,

119 2578 124 2594 ι
221 2529 327 2604 itaut
345 2530 552 2628 plerumque
568 2531 644 2603 haec
661 2528 735 2627 ipsa
747 2529 898 2604 invicem
912 2529 1141 2604 misceantur:
1160 2529 1210 2604 de

172 2682 175 2693 ·
220 2652 351 2750 quibus
379 2649 536 2749 copiose,
564 2654 598 2724 ὅτ
622 2649 732 2740 varie,
760 2652 795 2724 &
824 2650 943 2725 ornate
966 2674 1071 2725 nemo
1092 2647 1209 2726 dicere

218 2773 347 2872 potest,
365 2771 426 2845 nisi
439 2769 684 2869 quicognovit
696 2788 856 2845 naturam
866 2773 1071 2863 humanam,
1086 2772 1209 2848 &vim

218 2894 405 2984 virtutum,
435 2888 713 2990 pravitatemque
729 2890 912 2984 vitiorum,
940 2897 973 2967 a
989 2892 1227 2968 intellectum.

174 3059 180 3071 ι
219 3038 450 3112 eorumquae
462 3036 527 3085 nec
540 3009 577 3084 in
589 3009 787 3102 virtutibus,
802 3037 917 3112 neque
928 3011 964 3086 in
978 3013 1069 3088 vitiis
1082 3038 1208 3088 nume·

219 3156 351 3208 rantur.
407 3136 466 3207 Ex
490 3131 543 3206 his
568 3129 724 3205 sontibus
748 3131 853 3206 etiam
870 3131 929 3207 illa
944 3137 1138 3231 profluunt,
1164 3153 1208 3210 ut

174 3321 177 3330 ,
219 3252 355 3327 facilitls
372 3254 462 3347 iram
472 3250 603 3351 judicis
619 3253 677 3325 vel
692 3251 846 3353 instiget,
860 3254 918 3327 vel
934 3253 1050 3348 leniat,
1064 3255 1126 3355 qui
1145 3254 1208 3330 scit

223 3373 311 3474 quid
339 3372 415 3459 ira;
455 3371 650 3471 promptitas
681 3374 727 3448 ad
752 3372 1006 3449 miserationem
1032 3376 1204 3474 impellat,

219 3493 279 3596 qui
312 3490 372 3568 scit
405 3491 491 3589 quid
525 3496 564 3566 srt
594 3491 841 3585 misericordia,
877 3495 1065 3594 &quibus
1095 3492 1225 3566 animi‘

182 3598 186 3615 ”
219 3613 372 3691 motibus
381 3612 584 3686 concitetur.
625 3616 668 3687 In
680 3613 732 3689 his
743 3615 875 3689 artibus
890 3610 1209 3689 exercitationibus-

218 3763 288 3835 que
310 3732 458 3812 versatus
483 3751 611 3825 orator,
637 3736 706 3812 five
732 3735 828 3837 apud
842 3735 996 3830 infestos,
1018 3738 1086 3813 stre
1110 3735 1211 3837 apud
