2820 4694
356 320 1001 405 Hrssoursroqus.Ill.
1104 341 1171 418 2¹5

186 503 219 549 “
235 498 279 572 ris
319 495 534 596 adversisque
560 495 732 574 satiatum.
782 497 849 576 Sed
891 476 988 594 quod
1026 520 1171 586 nomen,

190 625 218 662 “
236 643 344 717 quem
366 616 493 695 statum
510 617 584 694 filio
601 616 672 715 ejus
686 617 897 692 Germanico
916 616 1015 691 sore?
1066 619 1174 692 Nunc

188 745 219 783 “
237 738 435 836 pecuniam,
472 743 506 813 ὅτ
536 737 718 828 familiam,
754 742 788 812 δι
823 739 940 810 beatos
969 738 1172 836 Campaniae

188 865 218 904 “
235 862 324 936 finus
354 859 534 958 promitti:
565 857 625 933 sed
652 858 713 933 ubi
737 857 924 955 imperium
952 857 1173 956 Vespasianus

136 1055 137 1059 ,
188 986 218 1024 “
236 978 410 1070 invaserit,
435 1005 507 1055 non
533 979 609 1077 ipfi,
636 1005 707 1054 non
724 979 844 1052 amicis
863 977 949 1073 ejus,
977 1005 1051 1053 non
1074 980 1172 1052 derri-

190 1107 217 1143 “
236 1114 305 1199 que
327 1098 536 1176 exercitibus
553 1097 782 1189 securitatem,
797 1099 857 1173 nlsl
876 1098 1046 1173 castineio
1062 1126 1172 1198 amu·

190 1228 219 1264 “
238 1223 311 1296 latu
328 1221 529 1296 redituram.
579 1220 730 1295 Fabium
754 1220 819 1294 illis
837 1222 1036 1312 Valentem,
1062 1219 1172 1317 capti-

190 1347 219 1384 “
238 1365 325 1414 vum
352 1343 385 1415 δι
413 1343 545 1416 casibus
572 1340 687 1415 dubiis
711 1341 934 1433 reservatum,
958 1365 1172 1439 praegravem
1208 1396 1211 1403 ,

193 1469 220 1505 “
239 1460 350 1551 fuisse,
378 1462 510 1535 nedum
532 1461 668 1534 Primus
693 1488 733 1536 ac
761 1461 903 1552 Fuscus,
934 1467 967 1536 δι
998 1460 1172 1560 specimen

192 1589 220 1641 ‘⁴
238 1581 390 1680 partium
406 1583 611 1673 Mucianus,
637 1583 746 1656 ullam
764 1583 800 1657 in
812 1582 1009 1674 Vitellium,
1036 1583 1096 1657 nisi
1112 1609 1171 1656 oc·

189 1708 218 1754 ‘¹
235 1702 392 1795 cidendi,
426 1702 615 1780 licentiam
647 1705 807 1777 habeant.
872 1705 959 1779 Non
991 1731 1012 1798 a
1041 1702 1172 1778 Caesare
1242 1791 1245 1799 Ι

188 1830 222 1899 “.
235 1824 461 1922 Pompeium,
487 1837 559 1898 non
575 1827 620 1898 ab
639 1824 803 1922 Augusto
821 1823 1021 1899 Antonium
1038 1824 1171 1898 incolu-

189 1951 217 1989 “
235 1968 309 2020 mes
333 1946 494 2019 relidos:
519 1944 579 2020 nist
597 1943 687 2022 forte
700 1942 927 2043 Vespasranus
944 1945 1081 2019 altiores
1102 1944 1170 2044 spi-

189 2065 318 2141 “ritus
338 2086 449 2165 gerat,
463 2062 593 2140 Vitellii
611 2064 732 2155 cliens,
760 2066 843 2139 cbm
860 2065 1020 2140 Vitellius
1036 2068 1172 2164 collega

188 2192 215 2231 “
233 2187 383 2262 Claudio
399 2186 512 2260 foret·
549 2185 661 2284 Quin,
676 2206 714 2259 ut
731 2185 908 2265 censuram
925 2187 1042 2284 patris,
1056 2208 1093 2260 ut
1105 2209 1172 2260 tres

80 2340 85 2349 ·
187 2313 215 2352 “
233 2307 445 2398 consulatus,
464 2327 503 2381 ut
520 2325 573 2382 tot
589 2306 741 2405 egregiae
758 2308 887 2382 dumbs
905 2308 1054 2380 honores
1070 2308 1171 2380 dece-

186 2435 214 2473 “
232 2449 299 2518 ret,
325 2426 564 2525 desperatione
579 2426 700 2502 saltem
725 2427 761 2500 in
777 2426 957 2502 audaciam
976 2425 1172 2524 accingere·
1278 2430 1281 2440 '

187 2555 216 2592 “
234 2569 313 2622 tur:
341 2547 680 2645 perstaremilitem‚
703 2547 873 2646 superesse
899 2546 1012 2622 studia
1038 2547 1171 2645 populi.

189 2652 400 2765 “‘Denique
434 2669 524 2743 nihil
557 2669 708 2744 atrocius
736 2688 958 2758 eventurum,
994 2669 1102 2768 quim
1134 2669 1172 2742 in
1239 2742 1241 2747 ,
1291 2718 1294 2727 ·

190 2793 218 2830 “
237 2788 336 2888 quod
368 2778 490 2885 sponte
515 2811 639 2864 ruant:
673 2790 894 2865 moriendum
928 2789 1040 2880 victis,
1064 2790 1170 2865 mori·

191 2913 221 2950 “
238 2909 372 2983 endum
400 2908 550 2982 deditis:
586 2909 623 2983 id
644 2909 756 2987 solum
779 2910 920 3002 selene,
951 2911 1172 3006 novissimum

186 3026 393 3126 “spiritum
418 3054 485 3127 per
514 3029 715 3123 ludibrium,
750 3034 1034 3108 &contumelias
1059 3033 1170 3109 effun-

185 3155 214 3194 “
231 3151 331 3240 dant,
349 3177 395 3225 an
412 3137 476 3249 per
492 3151 697 3227 virtutem.''
1154 3145 1155 3148 ¹

232 3272 388 3347 LXVII.
414 3275 558 3350 soros
585 3275 631 3348 ad
658 3272 760 3349 fortia
788 3273 929 3348 consilia
946 3274 1089 3348 Vitellio
1109 3300 1169 3350 au-

185 3418 249 3469 tes.
299 3394 525 3469 Obruebatur
540 3394 678 3469 animus
702 3393 917 3469 miseratione
934 3398 1100 3495 curaque,
1127 3422 1172 3471 ne

184 3513 415 3612 pertinacibus
431 3514 549 3607 armis,
568 3516 685 3590 minus
706 3514 912 3612 placabilem
929 3503 1099 3593 viderem
1117 3544 1169 3590 re-

185 3631 355 3731 linqueret
389 3635 531 3736 conjugi
564 3664 604 3711 ac
637 3635 763 3710 liberis.
826 3637 911 3710 Erat
946 3637 1056 3712 illi&
1090 3636 1170 3709 fessa

183 3773 283 3832 etate
308 3781 446 3857 parens,
471 3783 551 3859 quae
578 3777 696 3837 tamen
715 3756 834 3855 paucis
858 3758 939 3834 ante
962 3756 1087 3833 diebus
1104 3780 1167 3855 op-
