2806 4694
287 466 291 473 A
349 343 744 439 iirsrontanum
786 353 957 438 Lrs.I.
1063 363 1150 460 169

174 534 204 584 ⁸¹
221 538 385 638 sanguine
403 552 526 612 manus
544 537 699 614 imbuet?
734 535 956 635 Imperatoris
972 535 1022 610 sui
1039 556 1151 614 tento·
1260 608 1264 617 ,

168 663 198 703 ¹‘
218 660 308 734 rium
325 655 556 757 inrumpet?”
630 660 631 663 ’

215 781 425 857 LXXXIV.
458 782 583 853 “Vos
605 779 751 879 quidem
783 778 874 853 istud
896 805 959 879 pro
984 805 1063 852 me:
1093 778 1150 852 sed

166 898 196 945 l‘
213 901 248 975 in
275 899 423 974 discursu
447 927 486 974 ac
510 884 672 989 tenebris,
700 904 863 973 &rerum
881 899 1042 973 omniurn
1064 919 1149 972 con·

171 1028 199 1064 “
217 1014 361 1112 sabone,
396 1020 547 1119 patefieri
588 1024 723 1093 occasio
756 1020 861 1124 etiam
895 1020 1059 1093 adversus
1092 1043 1150 1092 me

169 1151 197 1186 “
218 1143 341 1239 potest.
390 1137 424 1215 Si
441 1140 585 1214 Vitellio
609 1144 643 1213 &
673 1139 873 1214 satellitibus
900 1137 971 1238 ejus
996 1138 1151 1238 eligendi

92 1252 97 1265 ’
137 1321 144 1331 .
170 1270 200 1305 “
219 1262 364 1336 facultas
379 1256 493 1348 detur,
511 1284 614 1358 quem
633 1259 736 1333 nobis
758 1259 931 1349 animum,
950 1282 1036 1356 quas
1053 1284 1151 1331 men·

168 1390 267 1455 “tes
293 1379 551 1478 imprecemur?
577 1381 662 1478 quid
680 1380 789 1473 aliud,
812 1382 921 1479 quim
949 1377 1153 1453 seditionem

161 1509 203 1558 ·“
223 1507 258 1576 u
281 1501 501 1592 discordiam,
527 1505 724 1599 optabunt?
753 1527 797 1575 ne
821 1504 919 1575 miles
940 1499 1149 1591 centurioni,

173 1627 202 1666 ‘⁴
219 1647 264 1696 ns
292 1621 452 1695 centurio
478 1622 619 1695 tribuno
648 1621 877 1720 obsequaturr
909 1619 990 1695 hinc
1021 1619 1151 1695 'confusi

160 1751 200 1800 -“
219 1743 350 1842 pedites
380 1741 595 1840 equitesque,
629 1741 666 1816 in
693 1743 840 1816 exitium
869 1769 1023 1818 ruamus.
1085 1745 1167 1816 Pa-⁴

123 1875 126 1878 ’
172 1872 200 1909 “
220 1866 328 1938 rendo
352 1859 480 1961 potibs,
504 1863 775 1954 commilitones,
793 1865 900 1962 qubm
924 1862 1070 1961 imperia
1086 1864 1152 1936 du·

172 1985 202 2027 ‘¹‘
222 2010 303 2058 cum
327 1981 543 2071 sciscitando,
572 2009 625 2057 res
655 1984 817 2058 militares
838 1984 1085 2079 continenturz
1118 1987 1152 2057 ὃ(

174 2112 202 2148 “
220 2104 412 2178 sortiffimus
436 2103 473 2178 in
496 2102 571 2203 ipso
588 2103 786 2179 discrimine
809 2107 978 2180 exercitus
1001 2105 1062 2194 est,
1092 2104 1154 2202 qui
1234 2112 1235 2117 ’
1260 2166 1264 2173 ,

172 2232 295 2300 “ante
326 2223 511 2300 discrimen
538 2224 781 2323 quietissimus.
846 2225 957 2299 Vobis
990 2251 1085 2298 arma
1119 2227 1154 2295 δε

171 2346 351 2419 “animus
373 2349 436 2419 stt:
469 2344 556 2418 mihi
581 2346 778 2437 confilium,
809 2351 843 2420 ἃ
873 2344 1008 2418 virtutis
1036 2344 1152 2418 vestrae

172 2474 201 2513 “
220 2466 376 2566 regimen
396 2463 592 2563 relinquite.
641 2468 842 2540 Paucorum
861 2464 1059 2564 culpabit,
1085 2465 1152 2537 du·

173 2594 202 2631 “
218 2614 321 2661 orum
339 2578 445 2685 poena
461 2586 537 2659 erit.
587 2585 702 2660 Ceteri
713 2589 850 2660 abolete
867 2586 1072 2661 memoriam
1086 2584 1152 2659 foe-
1221 2598 1225 2604 “

177 2711 204 2752 “
222 2710 365 2782 disfimae
382 2706 517 2781 nostis:
543 2733 607 2781 nec
628 2708 702 2782 illas
725 2711 889 2784 adversus
914 2691 1070 2783 senatum
1088 2734 1152 2781 vo·

179 2833 208 2871 “
225 2853 283 2902 ces
298 2830 388 2900 ullus
408 2854 577 2926 umquam
593 2829 763 2901 exercitus
781 2829 907 2903 audiat.
957 2831 1073 2926 Caput
1086 2829 1153 2901 im·

176 2955 207 2993 “
226 2946 327 3045 perii,
347 2953 380 3022 u
402 2948 527 3021 decora
551 2949 711 3022 omnium
729 2948 996 3046 provinciarum,
1014 2951 1058 3022 ad
1076 2960 1175 3046 poe-‘

162 3046 304 3142 “snam
322 3093 460 3157 vocare,
478 3094 548 3141 non
566 3072 682 3144 hercle
699 3069 763 3161 illi,
781 3088 871 3167 quos
892 3070 973 3143 cum
1000 3057 1155 3141 maximd

177 3196 205 3233 ¹‘
225 3188 382 3264 Vitellius
407 3187 443 3261 in
460 3215 523 3263 nos
541 3191 623 3280 ciet,
646 3189 812 3264 Germani
829 3189 986 3262 audeantt
1036 3188 1159 3262 Ulline

178 3312 205 3354 “
223 3310 328 3384 Italiae
342 3308 489 3399 alumni,
513 3315 547 3384 δι
564 3314 729 3384 Romana
741 3310 822 3383 ‘vere
832 3309 1010 3407 juventus,
1024 3310 1069 3383 ad
1082 3309 1158 3389 san·
1260 3348 1267 3355 ¹

179 3430 369 3531 “guinem
388 3435 430 3504 de
455 3431 588 3503 caedem
619 3428 843 3528 deposcerent
865 3431 1037 3521 ordinem,
1063 3429 1160 3529 cujus

179 3559 206 3594 “
224 3550 455 3650 splendore&
482 3550 603 3648 glotis,
633 3549 747 3624 sordes
764 3556 809 3627 ·&
829 3550 1071 3626 obscuritatem
1090 3551 1158 3622 ‘vi-

179 3672 443 3745 “rtelliana'rum
472 3670 621 3768 partium
648 3669 928 3768 perstringimus?
990 3670 1160 3744 Nationes

180 3798 208 3835 “
227 3780 361 3892 aliquas
376 3790 566 3891 occupavit
578 3790 749 3881 Vitellius,
767 3791 956 3890 imaginem
969 3788 1160 3888 quamdam

635 3911 664 3985 F
691 3937 710 4008 s
