2820 4694
137 358 146 376 i
247 372 317 443 228
448 368 1056 466 C.Connnrrr,Tnc1rn

296 545 468 639 LXXXI.
493 530 739 623 Mrscunnnr
760 545 794 620 se
810 546 932 645 legatis
948 542 1135 622 Musonius
1150 545 1230 621 Ru-

136 760 138 767 ·
250 666 317 756 fus,
345 650 514 763 ‘equestris
548 667 693 758 ordinis,
731 668 886 742 studium
916 664 1159 765 philosophiae,
1191 670 1228 740 dt

247 787 371 886 placita
382 787 577 862 Stoicomm
594 789 790 879 emulatus,
809 791 1055 887 coeptabatque
1074 786 1231 884 permix-

247 928 301 981 tus
328 908 529 1005 manipulis,
548 911 687 983 “bona
715 909 809 1007 pacis
832 936 873 983 ac
897 909 980 984 belli
1007 907 1229 982 discrimina”

245 1028 420 1117 disserens,
443 1049 596 1101 armatos
619 1055 771 1103 monere.
820 1031 862 1103 Id
882 1028 1050 1128 plerisque
1065 1029 1230 1120 ludibrio,

246 1139 408 1248 pluribus
423 1149 549 1220 taedio:
574 1174 638 1221 nec
655 1151 809 1239 deerant,
826 1150 886 1248 qui
906 1152 1138 1248 propellerent
1149 1155 1231 1248 pro·

245 1272 506 1366 culcarentque,
525 1267 574 1357 ni,
593 1269 776 1343 admonitu
792 1270 1029 1344 modestissimi
1050 1269 1232 1368 cujusque,

246 1370 372 1463 &aliis
391 1387 645 1482 minitantibus,
673 1390 834 1463 omisrlset
850 1390 1130 1487 intempestivam
1146 1388 1234 1487 sapis

248 1511 388 1584 entiam.
439 1509 566 1583 Obviae
597 1508 694 1583 suere
719 1510 927 1610 &virgines
957 1511 1124 1602 Vestales,
1153 1536 1235 1583 cum

247 1631 396 1730 epistolis
419 1629 565 1721 Vitellii,
596 1632 644 1703 ad
666 1631 864 1716 Antonium
889 1630 1044 1729 scriptis:
1078 1629 1233 1703 “eximi

201 1848 204 1855 Ι
248 1760 277 1796 “
293 1751 455 1850 supremo
471 1751 650 1825 certamini
665 1779 776 1826 unum
793 1752 911 1834 diem''
930 1751 1142 1850 postulabat:
1162 1757 1190 1793 “
1208 1753 1232 1823 sr
1343 1738 1347 1747 ’

249 1881 430 1947 “moram
468 1870 725 1968 interjecissent,
760 1873 893 1947 facilius
934 1873 1053 1946 omnia
1080 1896 1232 1946 conven-

251 2002 279 2038 “
298 1995 411 2068 tura.’'
462 1994 625 2093 Virgines
642 2021 725 2068 curn
749 1997 881 2068 honore
897 1993 1067 2067 dimiffae:
1095 1990 1234 2066 Vitellio

248 2115 465 2213 rescriptum,
494 2116 658 2190 “Sabini
682 2118 789 2207 caede,
810 2122 844 2189 δι
872 2113 1035 2189 incendio
1052 2111 1234 2211 Capitolii,

179 2331 186 2342 ,
250 2241 280 2278 “
297 2235 469 2333 dirempta
484 2236 568 2311 belli
581 2237 827 2312 commercia.”

296 2351 492 2432 LXXXII.
518 2362 738 2433 Tnnrnvrr
760 2377 878 2432 tamen
903 2354 1077 2430 Antonius
1093 2373 1233 2428 vocatas

237 2479 295 2552 ad
308 2479 512 2554 concionem
531 2479 686 2577 legiones
705 2478 880 2578 mitigare,
896 2486 925 2520 “
939 2497 992 2570 ut,
1008 2475 1235 2574 castrisjuxta

205 2646 211 2661 =
251 2607 447 2698 “pontem
475 2600 646 2674 Milvium
676 2601 805 2698 pofitis,
846 2599 979 2697 posterb
1006 2597 1064 2671 die
1096 2598 1237 2671 Urbem

252 2721 600 2820 “ingrederentur''
651 2720 759 2795 Ratio
776 2718 978 2810 cunctandi,
1006 2744 1051 2793 ne
1066 2715 1239 2816 asperatus
1330 2744 1334 2755 ’

249 2844 376 2941 proelio
394 2842 512 2932 miles,
526 2867 596 2915 non
615 2843 760 2939 populo,
784 2867 857 2915 non
873 2840 1016 2931 senatui,
1035 2865 1080 2940 ne
1098 2839 1247 2936 templis

250 2965 410 3061 quidem,
426 2990 469 3037 ac
484 2962 637 3036 delubris
652 2963 802 3036 deorum
817 2960 1024 3037 consuleret.
1073 2962 1141 3035 Sed
1159 2986 1236 3033 om·
1258 3014 1260 3019 ·

251 3108 334 3156 nem
359 3082 604 3180 prolationem,
623 3103 662 3155 ut
682 3082 862 3158 inimicam
881 3084 1049 3174 vieloriae,
1070 3080 1237 3180 suspedla·

251 3205 346 3274 bant.
396 3203 508 3277 Simul
533 3203 702 3303 fulgentia
726 3229 787 3302 per
809 3206 915 3279 colles
937 3205 1079 3293 vexilla,
1111 3224 1236 3301 quarn-

250 3344 359 3420 quam
377 3323 528 3397 imbellis
545 3327 694 3423 populus
711 3323 919 3424 sequeretur,
944 3325 1094 3425 speciem
1107 3322 1236 3398 hostilis

251 3441 426 3515 exercitus
454 3443 617 3519 fecerant.
683 3446 878 3545 Tripartito
912 3447 1069 3547 agmine,
1101 3471 1176 3544 pars
1197 3463 1239 3516 ut

252 3562 438 3651 adstiterat,
466 3559 638 3641 Flaminis
653 3566 728 3653 vim
755 3567 947 3666 parsjuxta
967 3569 1082 3665 ripam
1098 3565 1238 3641 Tiberis

250 3686 398 3770 inceffit3
413 3681 551 3756 tertium
564 3710 705 3784 agmen,
718 3714 780 3785 per
791 3688 970 3778 Salariam,
988 3689 1137 3761 Collinae
1154 3711 1236 3785 por·
1287 3776 1294 3782 ⁶

249 3828 294 3882 tae
317 3803 586 3906 propinquabat.
637 3808 740 3881 Plebs
770 3807 916 3884 invedis
944 3808 1122 3907 equitibus
1151 3804 1237 3881 fusa.
