2820 4694
355 339 984 434 Hieronranuera.lll.
1092 363 1162 436 τι,

187 518 215 557 “
232 509 387 584 caedibus
413 511 673 587 celeberrimam
690 511 799 585 Urbis
816 532 968 610 partem:
1000 536 1044 584 ne
1059 507 1164 608 Cepi·

185 640 213 675 “
231 632 318 705 tolio
333 631 480 729 quidem
498 633 667 707 abstineri.
717 634 900 730 Togatam
914 656 1041 729 nempe
1057 629 1103 721 se,
1129 636 1164 704 a:

186 760 214 796 “
230 779 341 826 unum
358 778 378 826 e
402 752 626 842 senatoribus,
653 753 739 825 tlum
758 752 847 825 inter
863 750 1109 849 Vespafianum
1125 774 1166 823 ac

185 882 212 917 “
231 874 418 947 Vitellium
431 872 563 968 proeliis
585 874 779 971 legionum,
798 871 1054 969 captivitatibus
1068 869 1165 943 urbi·
1230 925 1236 939 Ι

186 1001 214 1036 “
232 1018 309 1083 um,
344 993 581 1068 deditionibus
612 993 809 1073 cohortium
829 989 1019 1090 judicatur.
1068 992 1165 1086 Jam,

187 1122 213 1159 “
234 1113 427 1210 Hispaniis,
456 1111 732 1210 Germaniisque,
769 1118 803 1186 δι
832 1112 1021 1201 Britannia,
1046 1104 1168 1184 d'elcis·

188 1242 216 1278 “
236 1235 425 1321 centibus,
440 1232 581 1307 fratrem
610 1231 806 1330 Vespasiani
828 1234 981 1306 mansisse
1014 1231 1051 1304 in
1083 1231 1167 1319 fide,
1254 1246 1259 1260 ‘

189 1359 216 1396 “
235 1353 349 1426 donec
372 1353 463 1426 ultro
487 1354 530 1426 ad
559 1353 775 1426 conditiones
798 1372 990 1426 vocaretur.
1018 1353 1169 1424 Pacem

191 1479 218 1516 “
239 1477 272 1546 δι
297 1473 524 1559 concordiam
548 1472 647 1547 vidis
669 1474 790 1558 ntilia;
820 1473 1009 1547 nidoribus
1031 1473 1170 1545 tantiam

190 1601 219 1638 “
236 1594 380 1691 pulchra
395 1597 473 1667 elle.
522 1594 558 1668 Si
579 1594 816 1667 conventionis
840 1593 1014 1690 paeniteat,
1032 1617 1103 1664 non
1121 1591 1167 1680 se,

189 1723 343 1813 “quem
379 1716 522 1810 perfidia
551 1714 740 1812 deceperit,
783 1697 874 1787 fetro
908 1733 1059 1810 peteret;
1097 1738 1170 1786 non

189 1844 217 1880 ‘⁴
236 1832 349 1909 filium
387 1836 592 1932 Vespasiani,
634 1835 694 1908 vix
729 1838 909 1933 puberem.
971 1837 1169 1931 Quantum,

190 1963 219 2000 “
237 1956 355 2031 occisis
383 1982 452 2030 uno
477 1955 567 2046 sene,
598 1960 632 2029 δι
658 1981 730 2029 uno
752 1955 895 2054 juvene,
923 1955 1075 2052 profici?
1108 1955 1171 2028 iret
1248 2038 1250 2047 p

189 2086 217 2120 “
234 2077 377 2152 obviam
395 2077 605 2176 legionibus,
622 2077 669 2151 de
684 2075 818 2151 summa
834 2101 950 2152 retum
975 2075 1045 2149 illie
1062 2096 1169 2150 certa·

190 2205 218 2241 “
235 2218 305 2271 ret:
334 2220 447 2274 cetera
468 2194 661 2272 secundum
682 2217 848 2271 eventum
866 2194 981 2293 proelii
1004 2197 1170 2268 cessura.”

187 2319 364 2415 Trepidus
386 2321 437 2412 pd
466 2323 541 2394 haec
576 2319 890 2415 Vitellius,·pauca
918 2315 1090 2413 purgandi
1119 2315 1170 2386 sul

187 2441 288 2513 causd
305 2437 658 2538 respondit,.culpam
684 2447 710 2483 “
725 2438 762 2512 in
781 2438 953 2512 militem''
977 2434 1171 2525 conferens,

189 2568 217 2605 “
233 2558 333 2658 cujus
365 2559 477 2635 nimio
509 2560 624 2634 ardori
657 2561 829 2658 imparem
865 2560 933 2632 effe
965 2556 1171 2630 modestiam

192 2685 220 2721 “
237 2677 370 2752 suam.''
421 2685 467 2755 Et
485 2667 626 2755 monuit
640 2682 856 2770 Martialem,
875 2688 902 2723 “
921 2699 957 2753 ut
979 2703 1041 2776 per
1064 2677 1172 2751 secre·
1247 2716 1249 2721 ·

193 2806 220 2842 “
237 2819 310 2876 tam
322 2800 453 2875 aedium
470 2822 603 2898 partem
620 2802 754 2875 occulte
766 2801 888 2892 abiret,
909 2825 952 2872 ne
968 2825 989 2876 a
1006 2799 1171 2872 militibus

192 2920 466 3022 “internuntius
493 2920 609 2995 invisae
636 2922 730 3019 pacis
755 2922 1043 3031 interficeretur.”
1098 2919 1173 3018 lpse

190 3066 306 3139 neque
332 3038 493 3139 jubendi,
524 3067 638 3140 neque
667 3043 808 3116 vetandi
842 3066 980 3140 potens,
1007 3068 1079 3116 non
1095 3039 1173 3140 jam

191 3165 399 3258 Imperator,
424 3159 481 3235 sed
498 3163 636 3236 tantbm
655 3164 734 3238 belli
758 3163 857 3237 causa
874 3186 956 3237 erat.
1287 3261 1290 3266 .

238 3281 380 3362 LXXI.
407 3283 486 3357 er
511 3286 597 3358 dum
615 3268 773 3384 ''regreffo
790 3284 826 3356 in
843 3285 1057 3382 Capitolium
1074 3288 1171 3359 Mar·

187 3403 283 3494 tiale,
310 3402 426 3477 furens
443 3404 541 3477 miles
554 3405 686 3494 aderat,
703 3406 800 3477 nullo
816 3406 929 3490 duce3
949 3405 1010 3478 fibi
1027 3405 1173 3504 quisque

188 3525 328 3598 auctor:
359 3524 430 3599 cito
458 3526 614 3624 agmine,
643 3524 759 3599 forum
787 3529 819 3597 δι
848 3523 1070 3600 imminentia
1096 3525 1173 3599 foro

190 3645 324 3740 templa
349 3646 577 3741 praetetve‘di,
606 3646 744 3743 erigunt
765 3643 876 3717 aciem
899 3672 964 3741 per
989 3643 1172 3718 adversum

189 3763 332 3859 collem,
361 3763 468 3871 usque
496 3765 541 3850 acl
565 3765 694 3872 primas
725 3765 930 3871 Capitolinae
959 3766 1045 3847 arcis
1070 3763 1171 3846 fores,
