2820 4694
347 328 743 430 Hrsronrnnunr
784 353 983 425 L1s.IIl.
1080 347 1149 430 zor
1205 327 1207 332 ’

179 530 315 627 politus.
364 503 504 601 Laemrn
532 527 571 600 el
597 525 740 598 viclorial
764 524 1021 623 Vespasianum,
1046 551 1151 599 cunc·

177 647 220 719 tis
236 645 336 743 super
359 645 657 735 votafluentibus,
676 640 1044 742 Cremonensisprrielii
1061 670 1150 718 nun-

175 765 244 839 tius
276 766 313 839 in
346 768 507 864 AEgypto
543 764 751 863 adsequitur.
821 763 876 837 Εὸ
916 762 1153 861 properantius

176 887 426 959 Alexandriam
454 885 582 984 pergit,
612 906 667 975 ut,
692 884 801 957 fracto
825 884 958 957 Vitellii
981 875 1156 974 exercitu,¹

176 1007 314 1079 Urbem
330 1031 471 1104 quoque
492 1026 643 1080 externae
670 1004 746 1101 opis
767 1002 925 1102 indigam
940 1003 1034 1077 farne
1049 1030 1152 1104 urge-

176 1147 237 1200 ret.
287 1129 453 1224 Namque
484 1130 518 1198 ὅτ
547 1123 720 1213 Africam,
754 1126 880 1198 eodem
912 1127 1016 1198 latere
1040 1129 1151 1215 fitam,

176 1247 266 1319 terri
296 1239 453 1343 marique
482 1245 642 1318 invadere
675 1246 828 1343 parabat,
856 1247 975 1317 clausis
1007 1270 1153 1319 annonae

177 1351 347 1453 subsidiis,
364 1364 517 1461 inopiam
540 1390 579 1446 ac
600 1361 804 1437 discordiam
823 1365 911 1437 hosti
928 1362 1089 1448 fadurus.

228 1477 366 1557 XLIX.
391 1486 489 1558 Dru
518 1486 582 1559 hac
610 1484 715 1558 totius
738 1484 829 1557 orbis
851 1485 1055 1573 mutatione,
1080 1483 1152 1558 for-

177 1623 260 1676 tuna
277 1603 412 1704 imperii
430 1609 559 1696 tranfit,
585 1604 723 1686 Primus
742 1604 915 1695 Antonius
932 1630 1153 1702 nequaquam

176 1725 251 1822 pari
272 1725 472 1798 innocentii
499 1725 576 1823 post
593 1726 806 1800 Cremonam
835 1727 977 1823 agebat3
1005 1725 1153 1800 satisfac·

176 1862 255 1917 tum
273 1844 367 1917 bello
380 1866 484 1934 ratus,
503 1851 537 1919 δι
555 1850 667 1919 cetera
684 1871 728 1918 ex
745 1842 838 1917 facili
855 1873 863 1915 :
883 1843 940 1917 seir
956 1844 1100 1919 felicitas
1117 1846 1154 1919 in

177 1962 239 2035 tali
265 1962 405 2062 ingenio
430 1965 623 2055 avaritiam,
647 1963 854 2062 superbiam,
884 1985 1065 2063 ceteraque
1093 1990 1153 2040 oc-

176 2085 268 2157 culta
292 2085 383 2158 mala
399 2083 569 2182 patefecit.
618 2087 673 2157 Ut
689 2104 841 2182 captam,
867 2084 1002 2160 ltaliam
1026 2085 1153 2182 persul-

176 2222 272 2289 tare;
290 2225 328 2277 ut
344 2203 433 2294 suas,
453 2204 607 2302 legiones
624 2206 756 2290 colere;
780 2204 943 2277 omnibus
964 2205 1063 2278 dietis
1080 2203 1168 2306 fac·-

174 2323 286 2421 tisque
303 2324 376 2398 vim
402 2324 464 2398 fibi
481 2326 524 2399 ad
544 2325 733 2422 potentiam
749 2325 874 2398 struere
890 2343 1028 2426 :utque
1046 2324 1152 2397 licen·

175 2442 223 2517 tib
247 2443 394 2518 militem
418 2444 600 2535 imbueret,
631 2444 886 2520 interfetlorum
913 2443 1154 2517 centurionum

175 2563 313 2637 ordines
340 2564 535 2663 legionibus
562 2567 749 2645 offerebat:
779 2590 821 2638 eo
848 2564 1011 2663 suffragio
1042 2564 1152 2638 turbi-

177 2681 331 2754 diffimus
361 2682 505 2781 quisque
528 2685 684 2791 delecti:
716 2711 780 2760 nec
810 2685 910 2759 miles
943 2686 978 2757 in
1010 2685 1153 2759 arbitrio

177 2801 326 2890 ducum,
348 2800 406 2875 sed
434 2804 540 2878 duces
563 2804 699 2895 militari
721 2807 886 2880 violenti&
916 2809 1151 2880 trahebantur.

178 2925 271 3021 Qrae
297 2919 465 3013 seditiosa,
484 2929 531 2998 ·&
560 2928 819 3024 corrumpendae
841 2925 1040 3025 disciplinae,
1067 2952 1153 3000 mox

176 3042 215 3114 in
233 3044 386 3139 praedam
400 3046 565 3134 vertebat,
582 3044 670 3118 nihil
681 3048 926 3121 adventantem
942 3047 1154 3122 Mucianum

163 3161 319 3251 ueritus,
346 3164 444 3261 quod
468 3164 640 3240 exitiolius
667 3187 753 3275 erat,
777 3169 885 3265 quim
909 3167 1154 3265 Vespasranum

176 3279 347 3380 spreviffe.
638 3364 641 3369 ⁴

222 3403 269 3474 L.
294 3403 492 3479 Csrsnunr
510 3406 702 3504 propinqui
718 3406 846 3495 hieme,
873 3411 906 3479 δε
929 3408 1152 3485 humentibus

177 3523 273 3596 Pado
289 3524 437 3623 campis,
462 3526 667 3623 expeditum
683 3551 811 3622 agmen
829 3527 998 3600 incedere.
1047 3530 1154 3627 Signa

76 3742 77 3745 Ἴ
176 3642 373 3742 aquilaeque
400 3644 595 3720 vidricium
624 3646 817 3743 legionum,
844 3645 969 3720 milites
1004 3647 1151 3722 vulneri·

163 3763 242 3867 =bus
258 3784 318 3840 aut
340 3783 441 3839 aetate
458 3790 594 3866 graves,
620 3763 774 3865 plerique
792 3766 895 3841 etiam
912 3766 1052 3864 integri,
1080 3767 1149 3866 Ve-
