2844 4704
379 332 776 406 Hisnonrnnuu
810 335 1014 409 Linlll.
1117 339 1180 435 ¹⁶7

203 512 233 548 “
250 503 426 605 disjeslam
439 506 570 580 Vitellii
598 506 719 583 aciem.
769 508 860 580 Duae
876 519 960 579 tunc
977 507 1184 582 Pannonica

201 633 229 670 “
247 653 286 700 ac
299 630 456 701 Moeficae
475 630 538 701 alae
557 633 741 725 perrupere
757 627 904 699 hostem.
943 620 1181 702 Nuncsexde-

201 755 231 791 “
248 749 317 822 cim
345 751 479 822 alarum
506 746 691 849 conjunsla
720 752 828 846 signa,
860 744 958 844 pulsu
985 745 1181 845 sonituque,

201 875 228 911 “
248 873 282 942 δι
309 872 402 944 nube
429 871 502 969 ipse
531 870 684 968 operient
712 895 753 951 ac
782 866 1027 965 superfundent
1056 867 1181 942 oblitos

199 995 229 1031 “
248 991 451 1086 proeliorum
467 991 598 1088 equites
609 989 797 1088 equosque.
833 989 924 1062 Nisi
950 987 1028 1085 quis
1045 988 1180 1078 retinet,

103 1172 104 1175 ,
201 1116 229 1152 “
247 1108 341 1182 idem
358 1109 468 1184 suasor
484 1114 671 1208 auctorque
687 1109 816 1184 confilii
835 1135 904 1182 ero.
947 1112 1034 1198 Vos,
1054 1107 1181 1205 quibus

200 1236 228 1271 ‘⁴
246 1227 388 1302 fortuna
405 1230 440 1302 in
457 1231 594 1329 integro
610 1232 670 1319 est,
699 1231 854 1329 legiones
879 1229 1067 1318 continete,
1088 1228 1182 1302 ‘mihi

201 1354 229 1391 “
247 1349 418 1446 expeditae
436 1354 593 1425 cohortes
607 1350 783 1434 sufficient.
818 1353 900 1445 Jam
917 1348 1095 1423 reseratam
1113 1351 1181 1421 lta·

202 1475 231 1511 “
250 1470 345 1561 liam,
371 1469 533 1568 impulsas
550 1461 750 1545 Viiellii'res
772 1470 943 1557 audietis:
967 1469 1106 1568 juvabit
1131 1469 1181 1543 se-

82 1640 94 1648 ,
201 1598 228 1633 “
247 1591 321 1688 qui,
348 1596 383 1665 δε
400 1590 552 1690 vestigiis
569 1592 737 1666 vincentis
756 1592 940 1666 infistere.''

246 1713 310 1784 ΙΙΙ.
336 1715 439 1786 HAEc
466 1719 499 1786 δι
522 1713 616 1803 talia,
642 1717 788 1812 flagrans
812 1713 938 1803 oculis,
965 1712 1052 1785 truci
1076 1738 1176 1803 voce,

199 1831 273 1930 qub
290 1833 389 1906 latius
401 1833 591 1923 audiretur,
611 1835 757 1931 (etenim
771 1833 804 1906 se
820 1833 1035 1907 centuriones
1053 1838 1086 1906 &
1101 1834 1178 1931 qui-

197 1954 281 2025 dam
309 1952 462 2027 militum
490 1955 632 2029 consilio
655 1954 879 2049 miscuerant)
905 1954 954 2028 ita
974 1955 1111 2044 effudit,
1137 1973 1177 2028 ut

197 2094 316 2147 cautos
341 2098 481 2174 quoque
507 2102 548 2150 ac
571 2075 737 2173 providos
763 2096 1006 2175 permoyeret3
1036 2079 1177 2174 vulgus,

197 2200 233 2267 δι
246 2195 365 2285 ceteri,
384 2204 412 2239 “
431 2223 544 2270 unum
557 2196 674 2270 virum
688 2197 908 2295 ducemque''
924 2196 1032 2293 spretfi
1052 2205 1078 2241 “
1093 2200 1178 2271 alio·

196 2324 224 2359 “
242 2342 320 2389 rum
341 2315 526 2415 seguini?
552 2318 711 2392 laudibus
736 2310 871 2391 ferrent.
904 2318 1029 2392 ¹Hanc
1054 2316 1105 2389 sul
1125 2317 1175 2390 fa-

194 2462 290 2510 mam
306 2440 347 2510 ea
363 2437 478 2510 statim
504 2438 674 2512 concione
701 2459 954 2529 commoverat,
980 2441 1062 2534 qul,
1088 2438 1176 2526 reci·

194 2558 272 2631 tatis
288 2557 483 2656 Vespasiani
498 2559 664 2657 epistolis,
680 2586 765 2649 non,
795 2578 834 2633 ut
852 2558 1022 2657 plerique,
1045 2557 1176 2631 incerta

196 2677 363 2768 disseruit,
387 2681 454 2753 huc
471 2680 553 2754 illuc
568 2683 735 2754 trasturas
748 2680 1078 2778 interpretationem,
1097 2705 1176 2776 pto-

197 2817 236 2869 ut
251 2797 468 2871 conduxisset
478 2827 490 2886 3
516 2802 630 2897 aperte
648 2800 856 2875 descendisse
873 2801 908 2873 in
925 2800 1060 2874 causam
1077 2800 1176 2873 vide·

198 2920 324 2990 batur:
351 2917 464 3014 eoque
477 2919 604 3017 gratior
617 2922 782 2998 militibus
797 2943 881 3014 erat,
895 2924 1007 3019 cnlpae
1024 2923 1080 2995 vel
1098 2923 1174 3019 glo·
1250 2942 1255 2952 ·

198 3037 257 3110 riae
276 3036 399 3110 socius.
474 3059 476 3063 ’

130 3176 175 3272 ’ἱ
244 3159 307 3231 lv..
333 3160 525 3234 Pnoxnun
545 3163 696 3237 Cornelii
713 3163 813 3239 Fusci
838 3163 1069 3262 procuratoris
1093 3189 1174 3238 auc·
1238 3161 1247 3173 “

194 3281 333 3354 toritas:
362 3281 389 3355 is
407 3308 548 3382 quoque
564 3284 790 3359 inclementer
806 3285 842 3357 in
859 3286 1040 3359 Vitellium
1056 3285 1174 3360 invehi

192 3402 323 3495 solitus,
350 3403 437 3477 nihil
453 3403 522 3503 spei
546 3406 606 3480 fibi
624 3406 712 3478 inter
727 3403 868 3479 adversa
884 3405 1078 3504 reliquerat.
1127 3408 1174 3479 Τ.

192 3525 343 3623 Ampius
363 3525 564 3616 Flavianus,
596 3529 717 3599 natur&
743 3551 784 3599 ac
812 3524 944 3600 senecta
971 3527 1172 3614 cunctatior,

170 3624 175 3635 ’
192 3643 398 3742 suspiciones
414 3645 565 3719 militum
584 3646 754 3734 inritabat,
783 3664 965 3744 tamquam
988 3645 1174 3721 adfinitatis

192 3791 277 3842 cum
304 3765 447 3843 Vitellio
476 3765 708 3843 meminisset:
736 3765 915 3866 idemque,
937 3767 1046 3864 qudd,
1073 3790 1171 3862 coep-

650 3887 705 3962 ‚M
730 3913 755 3981 4
