2820 4694
224 354 305 427 260.
393 339 1041 447 C'C·onrtasrrTAc1rr''

275 523 391 598 XXV.
416 522 481 593 Src
508 520 673 620 mitigatis
696 521 849 619 animis,
865 497 1038 609 Bonnam,
1063 518 1210 595 hiberna

229 641 348 742 primae
380 640 540 738 legionis,
575 664 733 714 ventum.
789 640 958 715 Infensror
985 639 1059 713 illic
1091 640 1207 728 miles,

228 763 367 858 culpam
393 761 499 834 cladis
527 761 562 834 in
597 763 849 836 Hordeonium
879 763 1062 835 vertebat:
1096 758 1210 859 “ejus

229 876 360 978 “'juffu
389 881 558 956 directam
585 883 750 955 adversus
782 886 929 956 Batavos
956 882 1082 972 aciem,
1117 901 1210 955 tarn«

220 1008 256 1046 “‘
274 1028 381 1099 quam
424 1029 446 1074 a
484 1001 720 1099 Mogontiaco
764 1002 919 1102 legiones
967 1002 1207 1099 sequerentur:

227 1129 255 1166 “
274 1120 427 1219 ejusdem
459 1122 654 1219 proditione
683 1122 801 1212 caesos,
831 1123 936 1196 nullis
969 1120 1208 1218 supervenien-

226 1243 367 1317 “tibus
391 1243 538 1316 auxiliis.
588 1245 715 1341 Ignota
743 1245 819 1317 haec
847 1241 968 1315 ceteris
988 1236 1211 1332 exercitibus,

229 1372 256 1408 “
275 1390 391 1462 neque
409 1364 611 1461 Imperatori
629 1364 691 1437 suo
708 1363 874 1455 nuntiari,
896 1365 980 1438 cum
997 1361 1142 1436 adcursu
1162 1382 1214 1435 tot

227 1493 256 1528 “
276 1484 532 1583 provinciarum
546 1484 718 1583 exstingui
732 1511 855 1583 repens
872 1485 1019 1582 perfidia
1030 1479 1215 1582 potuerit.''

229 1604 461 1681 Hordeonius
474 1606 683 1704 exemplaria
699 1607 860 1680 omnium
877 1606 1068 1695 literarum,
1087 1604 1214 1702 quibus

229 1750 291 1822 per
303 1726 435 1798 Gallias
451 1725 735 1824 Britanniamque
748 1730 781 1800 ἃ
793 1726 981 1826 Hispanias
992 1724 1122 1801 auxilia
1133 1749 1210 1797 ora·

229 1847 302 1932 bat,
323 1844 489 1917 exercitui
516 1846 695 1934 recitavit;
726 1825 941 1946 instituitque
959 1848 1141 1946 pessimum
1159 1841 1209 1917 sa·

229 1963 342 2055 cinus,
370 1984 410 2036 ut
434 1964 586 2062 epistolae
606 1968 809 2066 Aquiliseris
827 1968 1013 2067 legionum
1036 1968 1212 2050 traderen-

226 2108 295 2175 tur,
314 2087 429 2182 aquis
446 2085 525 2158 ante
548 2086 664 2178 militi,
683 2090 789 2187 quim
812 2088 975 2178 ducibus,
994 2090 1212 2186 legebantur.

227 2208 326 2281 Tum
351 2232 371 2280 e
394 2204 555 2281 seditiosis
579 2235 692 2282 unum
709 2209 828 2283 vinciri
845 2208 959 2308 jubet,
988 2207 1099 2307 magis
1116 2207 1213 2281 usur·
1286 2271 1291 2284 .

194 2368 201 2381 κ
228 2327 334 2427 pandi
345 2326 445 2426 juris,
465 2329 574 2426 quiam
588 2329 671 2427 quia
686 2329 789 2403 unius
807 2333 909 2428 culpa
922 2329 1021 2404 soret.
1070 2324 1210 2402 Motus-
1264 2386 1269 2392 .

181 2478 190 2485 ·
228 2476 298 2548 que
314 2453 435 2524 Bonnd
447 2453 619 2525 exercitus
635 2452 671 2523 in
688 2451 876 2525 Coloniam
892 2447 1181 2550 Agrippinensem
1196 2476 1209 2534 ς

116 2590 118 2593 ’
227 2572 461 2646 adfluentibus
475 2571 611 2644 auxiliis
624 2556 822 2663 Gallorum,
837 2572 899 2672 qui
917 2571 1117 2670 primorem
1133 2573 1211 2644 Ro·

229 2719 369 2767 manam
386 2690 682 2790 enixijuvabant.
731 2696 840 2784 Mox,
859 2691 1110 2767 valescentibus
1123 2676 1211 2764 Ger·

227 2815 353 2906 manis,
378 2816 550 2912 pleraeque
578 2812 734 2887 civitates
758 2815 943 2887 adversum
971 2839 1036 2887 nos
1061 2831 1215 2902 armatae,

230 2935 290 3032 spe
308 2936 499 3021 libertatis3
529 2939 577 3025 ὅτ,
607 2938 630 3007 fi
647 2933 816 3021 exuissent
833 2932 1026 3024 servitium,
1051 2931 1216 3033 cupidine

228 3053 464 3150 imperitandi.
514 3053 690 3128 Gliscebat
717 3053 895 3127 iracundia
922 3055 1119 3155 legionum,
1149 3077 1216 3128 nec

184 3163 393 3248 {terrorem
421 3176 524 3254 unius
556 3174 674 3249 militis
702 3173 843 3246 vincula
872 3174 1094 3250 indiderant:
1129 3174 1215 3272 quin

229 3292 324 3369 idem
340 3292 398 3366 ille
410 3299 575 3392 arguebat
591 3298 680 3370 ultro
694 3291 980 3368 “conscientiam
997 3295 1111 3383 ducis,
1124 3316 1213 3366 tam·

231 3419 384 3506 “quam
414 3416 556 3489 nuntius
577 3417 665 3489 inter
682 3413 833 3497 Civilem
850 3415 1100 3511 Flaccumque,
1127 3409 1212 3484 salso

228 3540 259 3609 .“
277 3530 436 3619 crimine,
455 3535 547 3609 testis
565 3535 638 3608 veri
656 3534 949 3632 opprimeretur.”
998 3527 1214 3604 Conscendit
1322 3580 1324 3584 -

199 3647 201 3651 ’
228 3650 384 3757 tribunal
412 3652 561 3742 Vocula,
590 3639 678 3728 mirl
706 3655 908 3743 constantis,
936 3648 1213 3749 prehensumque

229 3774 378 3849 militem
406 3793 448 3843 ac
475 3770 738 3867 vociferantem,
767 3782 794 3819 ‘⁴
813 3773 893 3849 duci
912 3773 956 3847 ad
974 3770 1215 3882 supplicium”¹
