2806 4710
258 412 370 487 324,
459 387 501 463 C.
544 385 809 465 corenam
854 386 1062 468 Tacrrr

257 591 338 639 mae.
392 565 558 641 Palmetis
575 568 770 666 proceritas,
797 574 830 643 ἃ
859 570 976 643 decor.
1028 567 1240 660 Balsamum‚

258 685 400 760 modica
423 691 548 761 arbor:
578 711 615 762 ut
634 690 776 787 quisque
793 716 906 764 ramus
924 691 1103 780 intumuit,
1126 692 1241 791 srvim

259 805 336 879 ferri
353 809 531 898 adhibeas,
552 833 679 906 pavent
696 838 812 896 venae3
832 811 1001 909 fragmine
1021 812 1160 909 lapidis,
1179 831 1241 885 aut

191 965 196 978 =
257 929 341 1000 tella
375 930 595 1027 aperiuntur:
624 934 752 1004 humor
775 933 810 1004 in
839 932 899 1004 usu
928 926 1144 1005 medentium
1177 932 1241 1005 est.

257 1050 483 1148 Ptaecipuum
501 1040 672 1125 montium
690 1055 870 1126 Libanum
888 1052 1002 1149 erigit,
1022 1052 1147 1125 mirum
1164 1053 1243 1125 dic-

257 1164 1241 1270 tqmmummmfflmwmmfimmmmd

259 1293 336 1364 bus.
400 1294 500 1366 Idem
538 1319 677 1367 amnem
699 1295 901 1388 ¹Jordanem
935 1293 1010 1384 alit,
1045 1291 1245 1391 funditque.

258 1416 340 1486 Nec
365 1415 534 1508 Jordanes
557 1416 681 1511 pelago
706 1412 896 1509 accipitur:
929 1413 1118 1486 sedunum
1143 1435 1250 1510 atque

260 1537 409 1609 alterum
437 1536 552 1607 lacum
580 1535 714 1632 integer
748 1534 903 1631 perfluit:
945 1533 1044 1606 tertio
1068 1533 1245 1606 retinetur.

259 1658 377 1729 Lacus
397 1654 566 1730 immenso
588 1655 737 1743 ambito,
761 1653 872 1752 specie
888 1655 1006 1744 maris,
1032 1655 1146 1752 sapore
1163 1678 1244 1726 cor·

257 1762 408 1872 itrptior,
444 1776 612 1872 gravitate
640 1774 756 1849 odoris
786 1776 912 1849 accolis
947 1774 1096 1872 pestifer,
1127 1801 1246 1872 neque

257 1916 364 1967 vento
386 1895 591 1991 impellitur,
611 1923 724 1993 neque
738 1896 843 1993 pisces
860 1917 920 1969 aut
937 1882 1044 1969 suetas
1066 1895 1161 1993 aquis
1178 1920 1244 1968 vo-

244 2015 369 2088 lucres
388 2016 522 2113 patitur.
573 2018 717 2089 Incertae
745 2018 873 2090 undae:
901 2014 1103 2114 superjasla,
1130 2038 1168 2089 ut
1186 2016 1243 2090 so·

160 2191 163 2193 Α
259 2137 345 2227 lid0,
373 2136 506 2210 ferunt:
537 2135 634 2233 periti
654 2136 875 2234 imperitique
897 2137 1002 2209 nandi
1019 2126 1163 2234 pe⁸rinde
1188 2158 1243 2209 at·

258 2261 438 2332 tolluntur.
489 2258 593 2330 Certo
611 2256 705 2346 anni,
732 2257 895 2335 ,bitumen
921 2258 1050 2356 egerit:
1077 2255 1171 2352 cujus
1189 2258 1242 2329 le·

260 2381 366 2486 gend'i
391 2378 505 2469 usum,
532 2399 571 2452 ut
596 2399 721 2451 ceteras
747 2399 847 2467 artes,
877 2376 1084 2474 experientia
1108 2377 1242 2449 docuit.

259 2506 348 2575 Ater
365 2500 479 2596 suapte
497 2504 616 2572 natural
635 2500 762 2596 liquor,
794 2504 826 2570 δι
851 2496 961 2595 sparso
977 2518 1074 2570 aceto
1098 2522 1244 2570 concre-

258 2642 327 2710 tus,
346 2621 495 2694 innatat:
523 2623 617 2694 hunc
636 2647 741 2693 manu
759 2638 915 2717 captum,
935 2619 1062 2716 quibus
1079 2644 1118 2690 ea
1142 2643 1243 2709 cura,

257 2741 294 2814 in
312 2742 446 2816 summa
463 2742 559 2814 navis
572 2743 723 2813 trahunt.
774 2741 876 2829 Inde,
896 2740 993 2812 nullo
1005 2736 1163 2836 juvante,
1189 2738 1244 2811 in-

259 2863 351 2953 lluit,
371 2884 574 2961 oneratque,
598 2864 712 2935 donec
728 2861 931 2935 abscindas:
964 2886 1027 2933 nec
1045 2858 1245 2933 abscindere

258 3009 327 3056 aere
340 2982 473 3056 ferrove
492 2985 591 3080 possis
606 3012 614 3054 ε
635 2981 724 3080 fugit
741 3009 901 3055 cruorem
918 2982 1116 3078 vestemque
1134 2981 1243 3059 insec-

259 3123 340 3175 tam·
357 3103 536 3203 sanguine,
572 3120 644 3202 quo
662 3102 800 3187 serninae
820 3102 1031 3199 permenses
1054 3101 1243 3177 exsolvun-

259 3241 316 3293 tur
330 3228 402 3299 :src
419 3210 548 3299 veteres
562 3226 731 3300 audores.
781 3223 848 3294 Sed
872 3220 978 3320 gnari,
998 3226 1156 3297 locorum
1174 3246 1243 3298 tra-

244 3340 362 3446 dunt,
395 3347 566 3419 undantes
595 3343 768 3418 bitumine
794 3345 904 3415 moles
933 3345 1029 3441 pelli,
1063 3370 1243 3440 manuque

258 3461 344 3531 trahi
359 3464 402 3533 ad
414 3465 519 3537 litus:
542 3494 641 3558 mox,
660 3464 721 3540 ubi
740 3489 871 3561 vapore
887 3470 1001 3554 terrai,
1022 3464 1055 3537 vi
1073 3465 1146 3537 solis
1163 3464 1241 3536 ina·

200 3645 204 3654 ,
258 3579 400 3669 ruerint,
428 3581 603 3660 securibus
628 3585 827 3684 cuneisque,
854 3605 893 3658 ut
922 3589 1035 3660 trabes
1064 3606 1122 3661 aut
1144 3585 1243 3679 saxa,

143 3806 145 3811 ‚
256 3702 411 3777 discindi.
