2820 4694
343 341 734 422 Hssson'tnnnns
766 342 877 418 Lrs.
913 347 980 420 111.
1080 373 1149 443 209

172 515 314 596 indicin
357 523 501 621 Equites
519 523 676 597 Romani
697 525 855 598 obtulere
881 529 910 566 “
929 541 1073 618 operam
1091 547 1151 618 pe·

172 648 202 684 “
219 640 446 740 cuniasque,''
473 643 578 729 etiam
595 642 763 717 libertinis
790 643 886 716 idem
915 668 1043 714 munus
1060 644 1151 714 ultro

83 809 86 815 .
171 761 419 860 flagitantibus.
470 764 524 836 Ea
554 763 724 837 simulatio
746 762 867 852 officii,
893 788 915 834 a
941 779 1037 834 metu
1068 787 1148 857 pro-

171 882 274 974 seda,
308 903 457 960 verterat
486 883 523 955 in
560 881 729 957 favorem.
787 885 834 955 Et
868 882 1024 980 plerique
1056 882 1151 954 haud

170 1003 312 1100 perinde
340 1003 536 1093 Vitellium,
556 1003 664 1101 quim
694 1001 810 1076 casum
839 1005 1029 1100 locumque
1058 1003 1150 1100 prin⁴

169 1125 304 1222 cipattls
318 1122 562 1197 miserabantur
578 1151 587 1195 :
614 1149 678 1196 nec
691 1125 804 1196 deerat
820 1122 902 1219 ipse,
918 1125 1032 1214 vultu,
1050 1149 1150 1213 voce,

171 1245 332 1334 lacrimis,
362 1242 631 1316 misericordiam
656 1243 793 1333 elicere,
823 1245 939 1342 largus
969 1245 1149 1341 promissis,
1177 1332 1181 1338 ¹

171 1369 221 1453 δι,
240 1388 317 1463 quae
332 1384 451 1437 natura
466 1363 711 1462 trepidantium
725 1364 786 1454 est,
803 1363 1024 1437 immodicus.
1052 1363 1150 1456 Quin
1263 1415 1265 1418 -

173 1490 208 1560 &
227 1486 375 1579 Caesarem
403 1486 435 1557 se
462 1483 533 1557 dici
561 1483 685 1573 voluit,
714 1483 908 1582 aspernatus
937 1507 1060 1556 antea:
1091 1481 1150 1556 sed

170 1625 268 1695 tunc,
294 1603 532 1702 fisperstitione
549 1604 716 1695 nominis,
744 1609 777 1677 ἃ
796 1604 878 1702 quia
894 1604 931 1676 in
950 1626 1045 1677 metu
1063 1624 1147 1677 con·

170 1726 238 1798 filia
256 1725 495 1822 prudentium,
516 1729 549 1798 δι
567 1724 667 1823 vulgi
685 1751 806 1799 rumor
821 1722 924 1822 juxta
949 1724 1150 1798 audiuntur.

168 1847 348 1934 Ceterum,
373 1864 412 1917 ut
426 1844 545 1918 omnia
557 1839 738 1919 inconsulti
756 1845 908 1941 impettls
926 1863 1056 1942 coepta,
1083 1845 1147 1918 ini·
1232 1872 1235 1877 ·

170 1967 226 2040 tiis
256 1966 384 2055 valida,
417 1964 526 2064 spatio
555 1963 794 2064 languescunt,
828 1963 936 2038 dilabi
968 1964 1148 2061 paullatim
1203 2030 1206 2040 r

166 2087 349 2179 senatores,
379 2087 592 2187 equitesque,
624 2085 739 2184 primo
776 2085 989 2174 constanter,
1025 2089 1073 2158 ἃ,
1088 2083 1151 2159 ubi

167 2208 237 2306 ipse
254 2236 324 2283 non
342 2211 483 2294 aderat;
515 2234 600 2280 mox
617 2202 864 2302 contemptim,
890 2209 924 2278 δι
943 2208 1012 2276 sine
1028 2205 1149 2279 discri·
1255 2268 1256 2273 ,

168 2330 277 2420 mine,
305 2326 418 2403 donec
435 2327 593 2401 Vitellius
618 2327 749 2425 pudore
773 2323 855 2398 irriti
882 2325 1039 2414 conatlss,
1069 2348 1176 2424 quae,
1284 2340 1289 2344 ’

168 2476 239 2524 non
255 2453 444 2536 dabantur,
474 2448 626 2520 remisit:-

218 2572 321 2644 LIX.
347 2572 410 2642 Ur
429 2588 596 2642 terrorem
612 2567 721 2642 ltaliae
741 2568 885 2664 possessa
901 2565 1082 2656 Mevania,
1106 2589 1146 2640 ac

168 2690 266 2765 velut
291 2709 448 2762 renatum
475 2714 521 2762 ex
544 2688 683 2786 integro
713 2690 858 2779 bellum,
888 2688 1069 2773 intuleram
1100 2688 1150 2762 ita

168 2809 263 2883 haud
280 2808 429 2884 dubium
455 2796 538 2907 erga
555 2810 736 2883 Flavianas
753 2830 863 2907 partes
885 2807 1050 2897 studium,
1075 2828 1149 2882 tam
1207 2829 1211 2845 ·

168 2928 317 3027 pavidus
333 2929 464 3002 Vitellii
487 2929 646 3003 discessus
668 2931 814 3004 addidit:
846 2932 978 3004 etesius
1000 2929 1147 3020 Samnis,

167 3049 413 3151 Pelignusque,
448 3053 481 3122 δι
510 3051 634 3139 Mars,
663 3051 898 3142 aemulatione,
925 3050 1022 3149 quod
1042 3052 1148 3124 Cam-

165 3171 272 3270 pania
295 3170 522 3270 praevenisset,
551 3192 590 3244 ut
608 3171 643 3244 in
666 3197 761 3244 novo
779 3169 945 3267 obsequio
960 3172 1005 3244 ad
1023 3172 1150 3246 cundia

167 3291 250 3365 belli
262 3292 383 3365 munia
400 3317 494 3365 acres
506 3311 614 3365 erant.
652 3293 719 3364 Sed
737 3288 831 3363 foeds
847 3290 961 3362 hieme
979 3314 1039 3386 per
1054 3313 1147 3364 tran·

167 3416 268 3486 situm
285 3411 464 3510 Apennini
482 3411 699 3486 conflislatus
716 3409 887 3482 exercitus
904 3436 913 3480 ε
939 3412 973 3481 &
992 3409 1053 3484 vix
1069 3413 1146 3509 qui-

166 3551 221 3604 eto
251 3533 396 3631 ¹agmine
426 3531 522 3606 nives
551 3529 798 3617 clusiantibus,
833 3528 945 3626 patuit
974 3521 1145 3629 quantuni

165 3650 368 3726 discriminis
380 3653 585 3727 adeundum
602 3649 703 3739 foret,
722 3649 757 3721 ni
769 3648 949 3724 Vitellium
967 3671 1056 3724 retro
1073 3640 1145 3722 sor·

166 3790 251 3847 tuna
265 3774 412 3848 veniffet
425 3803 437 3861 ;
465 3799 543 3873 quae
570 3769 745 3846 Flavianis
761 3771 909 3848 ducibus
933 3797 1004 3846 non
1032 3767 1167 3844 minus·

644 3890 672 3960 P
838 3913 839 3918 ,
