2806 4694
357 340 964 417 Hrsrort1arruMLra.lI.
1113 371 1159 445 95

157 554 161 556 v
182 511 268 603 rius,
297 513 549 606 &inconditos
576 514 734 590 homines
761 514 904 614 fatigare
923 515 1061 618 militiae
1083 544 1163 591 mu-

182 634 324 707 neribus
340 637 509 733 occoepit,
539 639 694 711 laborem
719 634 893 710 insolitum
916 641 1039 734 perosi,
1067 637 1183 712 infir-1

181 755 341 830 mitatem
368 754 464 832 suam
492 762 715 855 reputabant:
747 755 937 830 “insulam
962 759 1163 854 essequam

185 882 214 919 “
232 876 433 969 incolerent,
480 882 514 952 &
565 878 671 977 longe
721 877 959 968 Germaniam,
1010 876 1164 975 viresque

186 1004 214 1040 “
232 996 440 1095 legionum:
476 998 630 1095 direptos
664 995 876 1094 vastatosque
910 999 1024 1085 classe,
1058 997 1163 1071 etiam

184 1123 321 1215 “quos
345 1121 503 1195 cohortes
527 1120 663 1214 alaeque
689 1120 945 1215 protegerent.'’
996 1120 1043 1190 Et
1060 1121 1164 1190 averli

182 1239 328 1335 repente
343 1238 472 1324 animi3
501 1264 564 1310 nec
581 1258 696 1341 tamen
712 1241 830 1333 apertsl
848 1237 901 1310 vi:
931 1258 1054 1335 aptum
1073 1258 1161 1310 tem·

179 1385 252 1455 -pus
266 1358 393 1431 insrdiis
417 1359 543 1456 legsre.
592 1359 769 1455 Digrelsrs,
799 1357 860 1454 qui
885 1347 1162 1437 Pacarium'fre-

185 1481 409 1576 quentabant,
427 1479 591 1552 nudus&
615 1478 735 1551 auxilii
753 1478 867 1574 inops,
893 1478 1035 1551 balineis
1059 1478 1163 1551 inter-

182 1599 317 1672 ficitur:
345 1598 503 1673 trucidati
522 1605 555 1672 δι
574 1598 730 1676 comites.
780 1597 915 1693 Capita,
941 1618 977 1670 ut
996 1597 1161 1687 hostium,

180 1717 243 1815 ipsr
270 1718 501 1792 interfesmres
524 1720 570 1791 ad
585 1720 765 1792 Othonem
790 1719 911 1790 tulsre.
961 1720 1088 1815 Neque
1104 1744 1163 1792 eos

133 1842 137 1849 ’
179 1860 240 1914 aut
266 1842 364 1913 Otho
394 1839 539 1936 praemio
565 1838 706 1928 adfecit,
740 1860 799 1911 aut
828 1836 965 1933 punivit
989 1838 1161 1930 Vitellius,

182 1959 221 2032 in
249 1960 358 2034 mults
380 1959 531 2041 colluvie
558 1985 676 2043 rerum
703 1956 893 2059 majoribus
917 1957 1053 2061 flagitiis
1083 1982 1175 2064 perv¹

177 2079 325 2158 mixtos.
979 2062 981 2065 ¹
1166 2066 1168 2075 γ

227 2203 345 2278 XVII.
386 2208 636 2277 Arcnuannr
664 2201 740 2299 jam
772 2202 922 2292 ltaliam,
958 2203 1162 2299 bellumque

129 2346 137 2353 “
179 2322 419 2413 transmiserat,
442 2322 600 2420 utsupra
618 2323 904 2411 memoravimus,
931 2324 985 2394 ala
1010 2322 1160 2416 Syllana,
1202 2328 1206 2335 “

179 2446 277 2518 nullo
297 2446 392 2544 apud
424 2469 640 2541 quemquam
656 2443 805 2517 Othonis
828 2440 958 2529 favore,
989 2465 1053 2513 nec
1080 2439 1161 2537 quia
1204 2460 1206 2464 ’

79 2609 83 2613 ·
178 2566 360 2640 Vitellium
379 2566 541 2650 malleum
568 2563 624 2638 sed
648 2566 762 2668 longa·
777 2591 846 2663 pax
870 2566 914 2637 ad
933 2588 1039 2637 omne
1056 2560 1159 2635 fervi-

181 2683 270 2757 tium
289 2685 450 2784 fregerat,
475 2684 593 2759 faciles
611 2685 877 2783 occupantibus,
903 2688 937 2758 bc
961 2683 1161 2758 melioribus
1251 2741 1254 2747 .

182 2803 381 2878 incuriosos.
429 2806 724 2881 Florentiffimum
741 2798 849 2879 Italiae
867 2808 970 2895 latus,
989 2825 1160 2903 quantum

179 2925 272 2999 inter
294 2926 432 2999 Padum
450 2925 624 3024 Alpesque
649 2952 855 3023 camporum
873 2931 906 3000 δε
923 2925 1081 3016 urbium,-
1105 2952 1159 2998 ar·

180 3045 247 3119 mis
274 3045 404 3119 Vitellii
435 3050 603 3145 (namque
628 3051 662 3121 &
688 3046 865 3145 praemilsae
889 3073 910 3120 a
933 3046 1074 3119 Caecina
1101 3072 1160 3120 eo·

178 3169 295 3269 hostes
320 3168 547 3263 advenerant)
564 3171 770 3270 ,tenebatum
819 3165 931 3264 Capta
960 3167 1159 3240 Pannonio·

176 3312 254 3361 rum
273 3290 404 3362 cohors
429 3291 526 3387 apud
543 3291 768 3363 Cremonam.
818 3285 1002 3383 intercepti
1018 3307 1159 3360 centum

176 3407 321 3506 equites,
348 3435 389 3484 ac
416 3409 514 3496 mille
538 3409 715 3499 claffici,
707 3429 797 3481 rnter
821 3406 1034 3487 Placentiam
1062 3407 1157 3480 Tici-
1227 3390 1230 3393 ¹

175 3555 357 3628 numque:
364 3556 451 3663 quo
472 3529 624 3604 successu
642 3528 849 3601 Vitellianus
867 3527 980 3616 miles,
999 3554 1071 3600 non
1081 3526 1157 3623 jam

174 3649 319 3724 flumine
338 3641 396 3725 aut
420 3650 502 3747 ripis
521 3652 711 3723 arcebatur.
762 3647 929 3732 inritabat
947 3647 1034 3746 quin
1052 3647 1156 3719 etiarn

172 3773 319 3861 Batavos
335 3749 685 3867 Transrhenanofque
708 3770 824 3846 Padus
850 3767 942 3937 ipse:
971 3782 1077 3879 quem
1101 3788 1153 3837 re
