2806 4694
329 315 743 432 Hrsroittnntr-nr
778 354 888 426 Lin.
922 353 951 425 Ι.
1088 367 1145 451 “45

164 537 262 634 apud
273 533 412 608 ‘severos
428 532 582 606 huntilis'.
633 534 686 605 Ita
712 529 914 620 comitatem
936 525 1146 601 bonitatem'-

118 626 126 645 κ
165 682 236 754 que
249 655 404 729 faventes
420 654 606 742 vocabant,
629 650 727 750 quod
745 654 814 723 fine
830 650 952 737 mod0,
973 646 1146 744 srnejudi·

165 778 237 867 ci0,
266 777 411 850 donaret
430 774 501 863 sua,
531 773 715 870 largiretur
729 770 864 843 aliena:
897 771 1011 855 fimul,
1036 767 1148 841 avidi·

163 877 238 969 'tate
255 893 464 992 imperandi,
496 892 567 990 ipsa
594 891 678 964 vitia
697 916 760 986 pro
777 889 964 962 virtutibus
982 888 1146 985 interpre-

166 1019 336 1090 tabantur,
387 1013 499 1088 Multi
523 1013 560 1085 in
585 1033 738 1107 utroque
773 1009 924 1083 exercitu
957 1012 1040 1082 sicut
1070 1036 1147 1082 mo·

164 1136 253 1209 desti
280 1134 474 1233 quietique,
499 1134 546 1206 ita
570 1134 651 1206 mali
682 1137 715 1204 &
740 1130 887 1204 strenui:
918 1129 977 1202 sed
1006 1128 1149 1227 profusa

165 1256 349 1354 cupidine,
381 1262 414 1327 δι
446 1253 572 1350 insigni
593 1250 799 1339 temeritate,
829 1250 932 1349 legati
952 1250 1146 1347 legionum,

173 1377 324 1450 Alienus
339 1374 496 1462 Catina,
525 1377 557 1446 &
575 1372 701 1445 Fabius
719 1373 869 1445 Valens:
897 1397 917 1443 e
940 1371 1066 1468 quibus
1080 1373 1148 1448 Va-

170 1499 259 1584 lens,
274 1493 423 1569 infensus
441 1496 577 1581 Galbae,
589 1513 778 1594 tamquam
791 1492 963 1564 detectam
976 1517 996 1563 a
1012 1488 1045 1562 se
1062 1493 1148 1563 Ver·

169 1616 256 1715 ginii
285 1613 560 1702 cunelationem,
595 1614 754 1709 oppressa
787 1610 967 1709 Capitonis
996 1610 1149 1698 consilia,

166 1736 299 1834 ingrate
315 1735 458 1823 tulifl'et,
475 1733 640 1831 instigare
651 1732 846 1820 Vitellium,
863 1732 1065 1804 “ardorem
1082 1731 1149 1804 mi-

170 1864 197 1898 “
216 1857 346 1929 litum''
376 1854 559 1928 ostentans.
612 1863 639 1898 ‘⁶
659 1853 775 1950 Ipsum
795 1852 923 1926 celebri
949 1851 1082 1949 ubique
1098 1849 1149 1925 fn-

170 1983 199 2019 “
220 1978 296 2048 mal:
324 1976 457 2048 nullam
475 1974 511 2048 in
529 1976 657 2048 Flacco
675 1974 887 2048 Hordeonio
907 1999 1062 2047 moram:
1086 1975 1150 2059 ad·
1230 2014 1244 2027 ,.

171 2103 200 2140 ‘'‘
218 2095 290 2170 fore
306 2096 537 2170 Britanniam:
557 2094 712 2169 secutura
724 2098 981 2168 Germanorum
998 2095 1147 2169 auxilia:

170 2224 198 2260 “
217 2218 306 2290 male
332 2217 419 2290 fidas
450 2214 674 2313 provincias:
701 2215 893 2311 precarium
917 2215 987 2289 seni
1010 2215 1149 2312 imperi-

170 2346 197 2381 “
216 2365 289 2429 um,
316 2343 350 2411 δι
378 2337 476 2410 brevi
503 2340 742 2408 transiturum:
777 2338 945 2434 panderet
965 2336 1083 2409 modi)
1109 2342 1152 2410 [ιο

172 2466 200 2503 “
219 2486 317 2548 num,
348 2463 382 2530 δε
414 2455 568 2529 venienti
591 2454 738 2530 fortunae
763 2479 966 2532 occurreret.
1015 2457 1150 2531 Merito

173 2588 199 2622 “
217 2580 386 2654 dubitaffe
420 2577 643 2676 Verginium,
670 2578 819 2676 equestri
853 2578 998 2669 familia,
1026 2579 1150 2678 ignoto

173 2707 201 2742 “
221 2721 341 2796 patre:
372 2698 560 2795 imparem,
592 2699 613 2770 fi
649 2699 825 2794 recepisset
851 2676 1066 2797 imperium:
1095 2722 1150 2774 tu·

174 2825 202 2860 “
222 2839 314 2906 tum,
351 2822 374 2890 st
403 2817 587 2890 recusaffet.
638 2818 779 2892 Vitellio
806 2839 874 2891 tres
904 2819 1007 2918 patris
1029 2819 1151 2894 consu·

173 2946 201 2982 “
220 2939 322 3027 latus,
355 2935 544 3025 censuram,
579 2939 768 3037 collegium
793 2937 946 3028 Caesaris,
977 2944 1010 3013 δι
1037 2941 1152 3039 impo-

175 3067 203 3102 “
224 3083 306 3131 nere
327 3056 539 3156 jampridem
574 3058 795 3156 Imperatoris
828 3058 1083 3157 dignationem,
1108 3068 1151 3134 Ὶδε
1183 3074 1185 3079 ’

174 3186 202 3221 “
220 3176 351 3251 auferre
380 3177 507 3275 privati
532 3177 785 3252 securitatem.”
846 3179 1076 3274 Qratiebatur
1100 3182 1152 3254 his

172 3298 277 3397 segne
305 3297 503 3397 ingenium,
531 3320 570 3372 ut
593 3296 851 3396 concupisceret
881 3299 1007 3398 magis,
1043 3304 1152 3398 quam
1182 3296 1184 3298 ’

171 3440 209 3491 ut
225 3419 387 3516 speraret.

219 3539 463 3617 L111.‚Arin
491 3539 662 3638 superiore
688 3539 889 3628 Germanii,
917 3541 1070 3633 Caecina,
1089 3545 1152 3616 de·

170 3663 249 3732 corl
269 3657 430 3757 juventa,
456 3684 601 3757 corpore
627 3660 762 3757 ingens,
792 3659 899 3733 animi
926 3661 1153 3749 immodicus,

169 3777 255 3852 scito
279 3779 452 3874 sermone,
481 3782 596 3854 erecto
625 3777 765 3871 incell'u,
793 3780 907 3855 studia
930 3782 1081 3855 militum
1099 3780 1151 3854 in-
