2820 4694
267 326 341 446 2i4
463 351 524 426 xC.
553 354 1030 432 CotusarrTacrrt

150 538 152 543 ’
263 532 420 631 tempori*
435 533 658 608 mendacium
674 532 757 626 suit,
769 535 939 609 invidiam
955 533 1159 633 crimenque
1173 554 1238 634 ἃς*

261 654 404 742 noviffe,
430 656 464 726 a
482 654 674 750 apartibus
692 654 820 728 Vitellii
842 657 1002 731 amolitus
1016 652 1211 729 videbatur.

308 775 479 847 LXXVI.
509 776 652 847 lrsnnnr
680 775 803 850 diebus
835 778 881 849 L.
906 776 1080 866 Vitellius,
1122 774 1236 873 positis

259 894 353 989 apud
370 893 553 966 Feroniam
579 894 709 986 castris,
734 896 872 968 excidio
891 896 1087 968 Tarracina
1115 894 1234 977 immi·

258 1016 388 1099 uebat3
424 1015 544 1087 clausrs
578 1013 648 1088 illic
686 1015 932 1113 gladiatoribus
963 1013 1234 1114 remigibusque,

219 1165 221 1169 ’
256 1135 405 1231 quinon
422 1133 541 1232 egredi
559 1134 704 1225 moenia,
729 1132 843 1233 neque
856 1136 1049 1232 periculum
1063 1136 1098 1207 in
1114 1155 1234 1232 aperto

256 1254 444 1326 audebant.
489 1256 652 1345 Praeerat,
679 1252 829 1351 utsupra
846 1259 1129 1345 memoravimus,
1147 1255 1235 1350 Juli·
1290 1308 1295 1314 -

254 1399 345 1447 anus
360 1373 620 1471 gladiatoribus,
644 1375 856 1472 Apollinaris
874 1376 1076 1475 remigibus,
1102 1375 1236 1449 lascivis

256 1493 481 1592 socordialque
503 1495 736 1593 gladiatorum
753 1496 878 1593 magis,
905 1498 1015 1594 quam
1037 1498 1170 1570 ducum
1194 1499 1232 1569 sr-

256 1615 367 1688 miles.
416 1617 501 1687 Non
519 1614 656 1712 vigilias
684 1641 800 1714 agere,
827 1641 898 1688 non
926 1615 1036 1688 intuta
1061 1616 1234 1690 moenium

254 1737 406 1824 sirmate,
441 1738 548 1807 noslu
569 1734 698 1833 dieque
726 1735 829 1825 fluxi,
861 1737 894 1806 a
923 1760 1062 1807 amoena
1090 1736 1232 1809 litorum

140 1928 142 1940 ,
254 1853 485 1952 personantes,
512 1855 548 1928 in
575 1852 805 1928 ministerium
829 1856 932 1928 luxlts
955 1853 1111 1953 disperfis
1140 1856 1232 1929 mili·

250 1974 357 2065 tibus,
382 1975 427 2047 de
445 1975 538 2046 bello
556 1975 690 2047 tantiam
708 1976 794 2047 inter
810 1976 971 2049 convivia
987 1977 1231 2075 loquebantur.

252 2096 386 2172 Paucos
410 2114 490 2166 ante
507 2092 580 2167 dies
596 2093 784 2168 discefl'erat
802 2094 953 2193 Apinius
971 2096 1060 2168 Tiro
1075 2125 1086 2181 ς
1113 2080 1247 2172 donis?

252 2239 322 2311 que
349 2240 389 2287 ac
407 2213 560 2311 pecuniis
582 2214 704 2288 acerbe
722 2241 783 2312 per
809 2215 997 2312 municipia
1021 2204 1228 2313 conquiren-

251 2333 320 2424 dis,
347 2336 423 2431 plus
441 2334 582 2408 invidia
599 2335 707 2433 quim
726 2335 852 2408 virium
873 2337 1026 2432 partibus
1043 2337 1203 2410 addebat.

300 2437 489 2531 LXXVII.
515 2459 690 2546 Iuratust
708 2457 752 2530 ad
770 2455 1000 2528 L.Vitellium
1016 2455 1227 2530 servus-Ver·

253 2575 338 2673 ginii
362 2575 541 2674 Capitonis
559 2574 726 2674 perfugit,
755 2575 1008 2674 pollicitusque,
1037 2566 1064 2619 ‘⁸‘
1089 2580 1112 2649 fi
1141 2584 1227 2674 prae·

252 2704 280 2739 ‘⁶
299 2695 420 2770 sidium
446 2696 628 2794 acciperet,
659 2721 805 2770 vacuam
834 2719 948 2769 arcem
973 2695 1092 2769 furtim
1120 2696 1228 2768 tradi·

251 2823 280 2860 ‘⁶
298 2819 455 2907 turum,’'
479 2818 589 2891 mults
616 2818 890 2890 noctecohortes
912 2817 1104 2914 expeditas,
1134 2816 1227 2891 sum-

249 2937 316 3010 mis
342 2937 520 3018 montium,
536 2936 644 3036 jugis,
682 2934 781 3033 supet
809 2957 912 3034 caput
938 2937 1089 3011 hostium
1117 2938 1224 3012 fistit:

207 3070 209 3074 ’
248 3056 332 3130 inde
357 3059 456 3131 miles
479 3059 524 3132 ad
549 3058 681 3132 cadem
710 3056 837 3154 magis,
870 3058 978 3154 quim
1001 3058 1045 3129 ad
1070 3083 1226 3154 pugnam

247 3175 423 3248 decurrit:
463 3177 616 3251 sternunt
637 3177 798 3267 inermes,
829 3198 887 3250 aut
914 3203 1009 3249 arma
1038 3176 1224 3274 capientes,

249 3299 283 3368 a
300 3293 468 3392 quosdam
484 3294 606 3371 somno
623 3296 767 3386 excitos,
793 3298 874 3370 clun
893 3297 1054 3387 tenebris,
1080 3322 1221 3394 pavore,

245 3412 356 3489 sonitu
368 3417 546 3508 tubarum,
565 3419 717 3491 clamore
731 3416 844 3490 hostili
857 3420 1084 3491 turbarentur.
1117 3415 1223 3489 Pauci

247 3532 478 3644 gladiatorum
493 3539 691 3628 resistentes,
709 3564 822 3637 neque
835 3537 936 3612 inulti
954 3537 1137 3611 cecidere:
1165 3563 1223 3610 ce·

247 3655 310 3730 teri
333 3655 377 3728 ad
395 3676 498 3726 naves
524 3659 681 3748 ruebant,
703 3660 765 3732 ubi
793 3660 917 3733 cuneta
939 3658 1013 3754 pari
1037 3656 1240 3732 formidine·

248 3776 524 3877 implicabantur,
552 3778 733 3873 permixtis
750 3778 907 3879 paganis,
934 3801 1023 3875 quos
1039 3779 1136 3854 nullo
1155 3777 1223 3856 dis·
1251 3830 1258 3869 r
1310 3866 1315 3874 ,
