2766 4658
300 387 302 390 ⁴
341 360 742 446 Historiarum
781 362 889 431 L1a.
918 361 981 432 lV.
1029 374 1151 459 ”297

176 559 286 609 voce:
316 541 344 577 “
370 538 456 608 Non
483 534 602 623 ided‚’'
637 533 766 631 inquit,
799 533 827 576 ⁸‘
849 531 982 624 bellum
1011 532 1153 632 sumpsi-

175 664 203 698 “
221 684 311 746 mus,
338 676 377 729 ut
402 656 522 730 Batavi
551 661 584 728 a
613 655 756 729 Treveri
783 654 947 751 gentibus
972 654 1155 750 imperent.

176 784 203 819 ‘⁴
222 778 354 872 Procul
368 779 442 851 haec
465 777 605 850 anobis
621 774 847 873 adrogantia:
877 773 1024 869 accipite
1050 773 1157 848 socie-

156 901 159 909 '
178 904 205 940 “
224 917 355 971 tatem:
383 897 612 996 transgredior
625 899 669 970 ad
690 924 765 985 vos,
793 895 849 969 seu
868 921 925 968 me
940 896 1083 985 ducem,
1101 890 1159 969 seu

179 1018 374 1091 “militem
402 1019 600 1092 mavultis.’'
651 1019 867 1090 Movebatur
896 1017 1037 1113 vulgus,
1076 1043 1159 1089 con-

178 1139 378 1236 debantque
393 1139 528 1236 gladios
544 1168 554 1223 ;
583 1141 665 1211 cum
677 1140 893 1234 Campanus,
912 1162 951 1209 ac
966 1137 1160 1231 Juvenalis,

98 1344 100 1352 q
179 1284 222 1332 ex
242 1258 450 1355 primoribus
466 1262 711 1356 Tungrorum,
745 1255 939 1331 universam
960 1257 999 1330 ”ei
1019 1278 1161 1356 gentem

178 1379 353 1452 dedidere.
386 1383 524 1467 Labeo,
539 1402 726 1478 antequam
738 1379 1058 1470 circumveniretur,
1080 1406 1161 1476 pro·
1220 1425 1222 1433 ι

110 1542 112 1547 -
179 1499 281 1598 fugit.
317 1500 439 1573 Civilis
455 1504 603 1603 Betasros
619 1526 762 1598 quoque
777 1526 817 1573 ac
833 1501 984 1573 Nervios
1001 1499 1037 1572 in
1056 1502 1165 1576 fidem

181 1631 356 1717 acceptos,
380 1613 489 1718 copiis
506 1620 572 1694 suis
588 1619 769 1719 adjunxit:
797 1621 920 1719 ingens
937 1647 1066 1711 rerum,
1086 1647 1163 1719 per·
1227 1694 1235 1708 ,

181 1743 279 1814 culfis
297 1741 480 1815 civitatum
497 1741 634 1831 animis,
663 1744 720 1815 vel
736 1742 1130 1838 sponteinclinantibus.

196 1916 200 1934 ι.
230 1863 383 1935 LXVII.
411 1835 720 1958 lnrnnaajulius
737 1862 896 1952 Sabinus,
916 1861 1076 1961 projedlis
1098 1863 1164 1938 foe-

183 1983 272 2054 detis
311 1984 465 2056 Romani
495 1982 746 2074 monumentis,
784 1984 932 2075 Caefitrem
969 1982 1002 2057 se
1030 1983 1166 2061 salutari

173 2103 299 2201 jubet3
319 2109 602 2203 magnamque&
620 2103 838 2178 inconditam
857 2104 1076 2199 popularium
1093 2127 1164 2179 tur-

182 2227 264 2297 bam
294 2225 329 2296 in
354 2228 531 2322 Sequanos
558 2225 658 2322 rapit,
695 2223 949 2297 conterminam
974 2224 1174 2314 civitatem,¹

88 2430 92 2450 ι
184 2350 217 2418 δι
248 2346 352 2418 nobis
379 2345 499 2417 fidam.
551 2347 629 2418 Nec
654 2343 804 2443 Sequani
830 2344 1065 2417 detredavdre
1093 2371 1168 2419 cer·

185 2485 314 2536 tamen.
365 2466 520 2538 Fortuna
544 2466 746 2540 melioribus
760 2464 881 2540 adfuit.
933 2468 1011 2539 Fufi
1029 2466 1167 2566 Lingo-

184 2611 256 2656 nes.
306 2585 450 2658 Sabinus
481 2583 680 2660 festinatum
714 2610 844 2660 temere
880 2585 1056 2684 proelium,
1093 2588 1170 2684 pari

187 2701 373 2778 formidine
390 2704 545 2779 deseruit.
596 2710 719 2805 thue
740 2707 871 2782 famam
888 2707 983 2780 exitii
1008 2706 1058 2781 sni
1075 2705 1168 2809 face·
1214 2732 1215 2735 ’

184 2846 251 2913 ret,
282 2825 416 2915 villam,
448 2826 613 2925 inquam
641 2827 848 2926 perfugerat,
877 2829 1067 2917 cr·emavit;
1097 2831 1168 2903 illic

76 2937 83 2947 ⁸
188 2946 379 3019 voluntaria
407 2970 520 3020 morte
548 2948 710 3038 interiiffe
738 2951 896 3025 creditus.
947 2951 1014 3025 Sed
1040 2951 1170 3050 quibus

125 3058 128 3064 ’
186 3068 316 3142 artibus
345 3067 562 3164 latebrisque,
600 3069 707 3142 vitam
727 3095 787 3167 pet
805 3097 935 3143 novem
959 3098 1045 3146 mox
1061 3099 1170 3147 annos

188 3188 394 3278 traduxerit,
422 3190 522 3261 srmul
549 3191 742 3265 amicorum
771 3190 845 3289 ejus
868 3193 1107 3285 constantiam,
1136 3199 1170 3268 δι

188 3312 320 3410 insigne
341 3308 513 3406 Eponinae
538 3312 657 3385 uxoris
672 3314 889 3408 exemplum,
908 3310 968 3385 suo
989 3314 1068 3388 loco
1094 3318 1172 3389 red·

189 3434 326 3506 demus.
376 3433 615 3529 Sequanorum
645 3432 803 3528 prospera
830 3432 918 3523 acie,
948 3435 1029 3506 belli
1058 3435 1170 3534 impe·

188 3575 243 3626 tus
270 3553 371 3628 stetit.
422 3551 632 3650 Resipiscere
655 3553 834 3650 paullatim
858 3553 1024 3648 civitates,
1054 3555 1172 3651 fasque

87 3766 89 3769 ,
189 3673 367 3750 &foedera
392 3673 571 3774 respicere,
604 3672 818 3773 principibus
848 3677 984 3767 Remis,
1016 3676 1075 3774 qui
1108 3699 1170 3770 per
