2820 4694
334 337 987 423 HrsromnnunLrnlss.
1086 364 1155 439 2¹3

173 519 347 600 subsistere
367 518 472 619 jussi:
509 520 633 594 resistae
660 521 757 593 stmul
786 545 806 592 e
831 517 1030 621 visiricibus
1046 505 1154 616 legio·

171 666 246 732 nes,
261 667 373 740 neque
389 639 641 740 quiescentibus
655 664 789 739 graves,
804 642 837 711 &
855 639 1020 711 adversirs
1032 659 1154 712 contu·

171 762 321 836 maciam
339 761 475 835 vali'dae.
525 764 611 834 Non
628 754 774 834 omissre
787 783 848 855 per
858 783 917 830 eos
934 757 1006 831 dies
1017 759 1154 831 Primus
1184 836 1186 839 ,

171 891 212 956 a'c
226 886 335 956 Varus
353 883 482 956 crebris
494 881 623 955 nuntiis
641 888 668 923 “
683 878 839 969 salutem,
859 883 893 952 St
905 878 1103 976 pecuniam,
1117 882 1151 952 δι
1182 927 1188 934 -

62 1003 68 1017 '
173 1009 202 1046 “
219 1001 346 1077 secreta
361 1000 588 1098 Campaniae'’
618 1000 742 1073 offerre
758 999 913 1089 Vitellio,
945 1001 1014 1071 “st
1037 998 1153 1096 postis

173 1130 202 1166 “
220 1123 337 1215 armis,
352 1122 455 1220 seque
471 1147 511 1194 ac
524 1121 649 1193 liberos
672 1118 749 1193 suos
766 1119 972 1216 Vespasiano
989 1118 1154 1216 permisis-

174 1251 203 1286 “
220 1242 305 1317 set.''
354 1246 395 1316 ln
412 1242 576 1315 eumdem
594 1242 742 1314 modum
755 1245 789 1312 &
801 1239 990 1314 Mucianus
1006 1265 1154 1337 compo-

174 1361 239 1437 suit
250 1362 425 1461 epistolas:
446 1360 572 1459 quibus
589 1363 795 1460 plerumque
807 1361 913 1434 fidere
923 1361 1098 1451 Vitellius,
1112 1387 1153 1435 ac

177 1490 205 1527 “
223 1485 268 1556 de
285 1498 432 1558 numero
448 1484 637 1573 servorum,
663 1483 830 1555 elestione
850 1483 1015 1572 litorum''
1040 1481 1151 1579 loqui.

174 1605 291 1677 Tanta
307 1604 453 1701 torpedo
471 1601 637 1676 invaserat
653 1602 822 1692 animum,
840 1623 893 1692 ut,
915 1606 936 1675 fi
955 1601 1162 1698 Principem

174 1750 256 1797 eum
272 1721 371 1798 fuisse
392 1724 495 1797 ceteri
517 1749 588 1797 non
614 1721 861 1813 meminissent,
887 1722 957 1821 ipse
974 1720 1153 1800 oblivisce·

175 1864 280 1919 retur.
755 1929 757 1941 Ι
985 1846 989 1856 ’

222 1968 358 2039 LXIV.
384 1972 444 2042 Ατ
480 1967 647 2065 primores
679 1965 840 2055 civitatis,
867 1964 1028 2041 Flavium
1056 1962 1153 2041 Sabi·

172 2112 273 2177 num,
304 2087 506 2185 praesesium
520 2087 645 2179 Urbis,
668 2086 802 2162 secretis
825 2084 1040 2161 sermonibus
1064 2068 1152 2160 ἰηεί-

171 2211 303 2299 tabant,
334 2216 360 2252 “
380 2209 533 2283 victoria·
551 2206 735 2306 -famaeque
770 2227 902 2304 partem
938 2207 1149 2303 capesseret:

80 2318 87 2327 ’
174 2337 200 2374 “
219 2332 287 2402 esse
309 2329 360 2402 illi
389 2328 572 2426 proprium
597 2329 743 2402 militem
772 2325 968 2400 cohortium
990 2327 1151 2398 Urbana·
1219 2349 1223 2356 ’

97 2500 98 2506 1
176 2454 203 2490 “
221 2475 323 2522 rum:
354 2474 418 2522 nec
441 2447 618 2522 defuturas
640 2449 790 2546 vigilum
820 2449 991 2537 cohortes,
1020 2445 1156 2520 servitia

175 2575 204 2612 “
223 2568 390 2667 ipsorum,
424 2566 600 2643 fortunam
639 2569 802 2666 partium,
839 2572 872 2640 δι
901 2567 1017 2641 omnia
1046 2591 1157 2663 prona

178 2697 209 2731 “'
224 2689 425 2763 vistoribus.
489 2691 548 2764 Ne
584 2690 742 2763 Antonio
774 2692 934 2787 Varoque
955 2688 1016 2761 vde
1047 2688 1157 2787 gloris

177 2815 205 2851 “
222 2809 438 2884 concederet.
487 2812 618 2884 Paucas
631 2810 774 2884 Vitellio
786 2813 957 2900 cohortes,
977 2815 1010 2882 δε
1028 2809 1156 2883 maestis
1230 2897 1232 2902 k

178 2934 207 2972 “
226 2928 382 3027 undique
398 2929 525 3002 nuntiis
550 2930 724 3026 trepidas:
749 2930 870 3028 populi
895 2928 1065 3003 mobilem
1083 2928 1156 3002 ani·
1251 2929 1254 2944 '

178 3058 206 3096 “
225 3054 420 3139 mum;ss&,
437 3054 461 3124 fi
486 3049 519 3124 se
537 3052 666 3123 ducem
691 3051 901 3148 praebuisset,
928 3048 1064 3126 easdem
1082 3050 1155 3123 illas

177 3170 436 3245 “adulationes
462 3197 524 3268 pro
542 3170 748 3269 Vespasiano
776 3170 862 3244 foret
911 3170 1027 3267 Ipsum
1045 3171 1155 3253 Vitel-

178 3301 206 3337 “
225 3292 312 3367 sium
329 3316 374 3364 ne
392 3290 556 3389 prosperis
579 3290 722 3390 quidem
753 3316 870 3388 parem
880 3309 893 3376 ;‘
917 3291 1006 3364 adeb
1030 3290 1163 3365 ruenti?

178 3420 206 3458 “
225 3415 290 3488 bus
317 3413 552 3487 debilitatum.
603 3413 762 3486 Gratiam
790 3409 913 3508 patrati
940 3410 1023 3483 belli
1052 3435 1158 3509 penes

179 3540 208 3578 “
225 3558 322 3623 eum,
354 3534 415 3632 qui
445 3536 584 3609 Urbem
612 3533 819 3627 occupasset.
870 3532 911 3603 ld
928 3530 1057 3614 Sabino
1075 3557 1159 3632 con·
1212 3629 1214 3631 ‚

177 3661 207 3716 †“
226 3655 358 3744 venire,
377 3676 415 3728 ut
431 3654 621 3751 imperium
643 3645 736 3725 fratri
754 3649 958 3737 reservaret3
976 3652 1013 3724 id
1031 3650 1158 3751 Vespa·

179 3782 207 3837 ‘t
227 3778 332 3867 siano,
347 3796 386 3849 ut
404 3775 507 3849 ceteri
526 3773 601 3872 post
616 3769 784 3845 Sabinum
800 3772 1045 3847 haberentur.”
