2844 4704
213 352 342 421 'roo
421 351 425 361 '
502 346 1068 429 CConsrnarrTnemr

231 581 234 601 .
271 525 376 599 nandi
393 527 516 600 ardore
528 526 635 624 usque
652 529 696 600 ad
714 527 915 603 seditionem
934 529 1160 627 progressam,
1184 530 1248 602 Be·

176 644 214 748 ’ἡ
270 646 372 720 briaci
399 646 486 720 sistit.
536 649 629 720 Inter
654 651 830 723 Veronam
857 652 1147 747 Cremonamque,
1170 652 1251 722 situs
1287 693 1288 696 =

268 767 317 843 est
345 765 455 856 vicus,
484 768 620 841 duabus
640 767 716 866 jam
741 770 918 847 Romanis
946 770 1103 844 cladibus
1133 788 1250 870 notus,

268 883 510 984 infaustusque.
560 887 686 962 lisdem
713 888 850 980 diebus,
891 916 911 963 a
939 890 1073 965 Mattio
1104 892 1247 979 Macr0,

267 1007 361 1079 haud
380 1009 503 1103 procul
521 1008 708 1097 Cremonal,
730 1009 887 1106 prospere
903 1031 1124 1108 pugnatum:
1150 1035 1250 1084 nam·

268 1132 336 1224 que
354 1148 536 1224 promptus
553 1128 661 1201 animi
680 1128 843 1217 Martius,
871 1129 1080 1203 transvados
1104 1130 1251 1204 navibus

268 1248 490 1346 gladiatores,
515 1248 551 1321 in
568 1246 744 1321 adversam
759 1237 859 1321 'Padi
882 1248 1009 1345 ripam,
1037 1252 1176 1346 repenti
1199 1249 1249 1324 cs-

265 1367 367 1440 sudit.
417 1371 572 1442 Turbata
588 1369 636 1442 ibi
661 1368 929 1447 Vitellianorum
947 1369 1089 1458 auxilia,
1108 1372 1144 1467 p&
1161 1391 1251 1442 cete-

266 1489 310 1563 ris
344 1487 553 1563 Cremonam
591 1487 821 1587 fugientibus,
856 1493 930 1563 caesr
959 1489 1026 1588 qui»
1054 1489 1253 1564 restiterant.

266 1611 334 1684 Sed
362 1612 527 1707 reprell'us
545 1609 765 1683 vincentium
782 1606 946 1707 impetus,
977 1636 1021 1684 ne
1045 1609 1147 1683 novis
1170 1607 1250 1683 sub·

267 1729 356 1802 fidiis
391 1730 518 1802 firmati
549 1730 674 1820 hostes,
705 1730 880 1805 fortunam
914 1731 1030 1829 proelii
1064 1749 1249 1804 mutarent.

268 1850 468 1946 suspectum
486 1851 523 1923 id
540 1849 749 1924 Othonianis
767 1852 845 1942 suit,
876 1853 994 1925 omnia
1020 1877 1251 1948 quacumque

267 1971 356 2044 sasia
383 1971 486 2068 prave
515 1969 796 2046 aestimantibus(
826 1973 1010 2061 Certatim,
1036 1993 1075 2045 ut
1106 1969 1251 2069 quisque

258 2094 383 2171 ,animo
409 2092 569 2191 ignavus,
602 2119 731 2190 procax
748 2119 820 2182 ore,
847 2091 1006 2166 Annium
1024 2093 1182 2182 Gallum,
1214 2095 1251 2164 δε

247 2213 469 2288 ¹Suetonium
494 2213 708 2303 Paullinum,
739 2217 778 2314 &l
800 2212 954 2286 Matium
982 2210 1122 2286 Celsum
1146 2215 1249 2307 (nam

266 2360 325 2409 eos
336 2338 434 2409 Otho
450 2340 591 2434 quoque
609 2333 824 2431 praefecerat)
854 2332 954 2406 variis
971 2331 1172 2406 criminibus
1193 2329 1248 2403 in-

265 2460 444 2533 cessebant.
496 2454 677 2528 Acerrima
701 2454 910 2529 seditionum
926 2478 966 2527 ac
988 2451 1167 2526 discordiae
1193 2451 1248 2524 in·

266 2578 465 2666 citamenta,
500 2573 728 2649 interseslores
755 2577 903 2649 Galba:
938 2573 1060 2646 scelere
1089 2572 1124 2647 δι’
1153 2553 1262 2646 metu·⁸

229 2743 232 2746 >
265 2698 445 2786 vecordes,
473 2697 614 2770 miscere
641 2697 778 2783 cundia,
816 2693 925 2768 modo
954 2695 1078 2790 palam*
1101 2691 1252 2768 turbidis

264 2817 424 2910 vocibus,
457 2818 564 2892 nrodd
592 2817 736 2890 occultis
759 2817 804 2888 ad
825 2817 1007 2889 Othonem
1028 2814 1157 2888 literis:
1188 2813 1250 2911 qui
1302 2819 1304 2825 ’

264 2937 463 3010 humillimo
479 2939 605 3036 cuique
621 2939 795 3034 credulus,
814 2940 926 3011 bonos
944 2957 1116 3025 metuens,
1144 2933 1248 3030 trepi-

263 3058 393 3144 dabat3
427 3061 527 3132 rebus
555 3056 721 3156 prosperis
743 3057 907 3147 incertus,
939 3061 972 3130 δι
998 3056 1087 3129 inter
1108 3052 1249 3128 adversa

263 3179 395 3250 melior.
445 3179 554 3278 Igitur
578 3178 760 3251 Titianum
785 3173 925 3251 fratrem
954 3175 1120 3263 accitum,
1152 3176 1247 3247 bello

263 3297 455 3395 praeposuit.
506 3301 652 3389 Interea,
682 3297 832 3373 Paullini
861 3304 894 3372 δι
924 3298 1011 3370 Celsi
1041 3296 1163 3384 dudo,
1192 3319 1247 3367 res

264 3420 413 3517 egregiae
433 3419 545 3515 gestae.

312 3540 447 3613 XXlV.
486 3542 711 3613 Ancaunur
745 3540 935 3629 Caecinam,
972 3563 1018 3610 ne
1053 3534 1248 3634 quidquam

226 3661 231 3663 “
263 3660 381 3736 omnia
407 3678 536 3756 coepta,
576 3664 610 3731 δι
638 3659 809 3735 senescens
837 3658 1007 3733 exercitiis
1043 3656 1093 3731 sui
1126 3654 1245 3728 sama:

264 3781 379 3882 pulsos
396 3778 586 3873 Placentia,
617 3784 844 3885 caeswuper
872 3777 1021 3871 auxiliis,
1057 3776 1162 3852 etiam
1187 3797 1247 3874 per
