2806 4694
240 351 287 437 84
470 342 1047 420 C.Conust11TAerr1

238 521 390 604 aderant,
421 514 483 613 qui
499 540 596 588 arma
613 513 744 587 Vitellii
762 516 965 614 bellumque
981 517 1210 596 affirmarentz

237 638 357 714 anxius
380 635 511 723 anim0,
535 634 652 733 paucis
669 633 861 709 amicorum
885 635 1060 726 adhibitis,
1090 639 1215 723 cunda

235 757 419 854 utrimque
443 757 631 852 perlustrat.
688 756 767 830 “Si
797 778 955 856 pergeret
989 757 1026 830 in
1058 760 1211 849 Urbem,

236 887 264 922 “
282 877 415 950 nullam
432 875 534 950 officii
553 877 714 974 gratiam,
739 877 776 950 in
797 878 934 951 alterius
957 881 1129 967 honorem
1145 877 1212 951 sus·-

237 1007 263 1042 “
282 996 390 1094 cepti:
423 1024 462 1071 ac
478 998 511 1070 se
527 996 681 1087 Vitellio,
710 1000 778 1070 sive
794 1000 940 1089 Othoni,
960 1001 1113 1075 obfidem
1130 997 1214 1081 fore.

233 1126 261 1162 “
280 1119 339 1192 Sin
363 1118 501 1208 rediret,
519 1118 683 1192 offensam
701 1120 794 1192 haud
811 1120 957 1193 dubiam
974 1118 1129 1195 uictoris:
1157 1121 1215 1216 sed

235 1248 261 1287 “
281 1242 409 1314 incerta
433 1240 548 1313 adhuc
577 1238 735 1328 victoria,
767 1244 800 1312 &
817 1242 1030 1314 concedente
1051 1242 1086 1316 in
1106 1264 1215 1340 partes
1250 1261 1251 1265 ’

237 1372 265 1408 “
284 1384 391 1461 patre,
411 1361 524 1435 filium
553 1357 766 1442 excusatum.
816 1360 874 1434 Sin
891 1360 1112 1458 Vespasianus
1128 1390 1217 1437 rem-

199 1499 202 1515 ·
237 1489 266 1526 “
284 1482 463 1581 publicam
486 1478 679 1579 susciperet,
698 1479 975 1556 obliviscendum
992 1484 1214 1576 offensarum,

237 1612 263 1647 “
282 1605 437 1677 debello
454 1583 704 1702 agitantibus.’'

284 1727 330 1798 ΙΙ.
357 1727 435 1798 His
457 1751 497 1807 ac
514 1723 639 1797 talibus
665 1722 751 1796 inter
774 1722 869 1821 spem
887 1744 1093 1822 metumque
1103 1723 1212 1822 jada-

222 1869 325 1935 ¹tum,
351 1842 424 1942 spes
450 1843 545 1917 vicit.
595 1846 706 1918 Fuere
733 1843 795 1942 qui
824 1845 1055 1944 “accensum
1083 1847 1213 1919 defide-

125 2027 127 2030 ,
188 2053 191 2066 .
235 1976 264 2011 “
284 1967 334 2041 rio
362 1965 541 2038 Berenices
558 1965 714 2064 regina,
743 1965 880 2039 vertiffe
907 1967 994 2038 iter''
1026 1968 1216 2052 crederent,

232 2093 361 2187 Neque
388 2088 594 2159 abhorrebat
619 2113 639 2159 a
666 2086 829 2162 Berenice
855 2085 1022 2184 juvenilis
1054 2087 1212 2169 animus:

232 2210 290 2283 sed
308 2207 468 2308 gerendis
494 2210 597 2280 rebus
613 2209 750 2281 nullum
767 2233 814 2281 ex
834 2233 877 2280 eo
893 2207 1187 2305 impedimentum
1201 2234 1211 2295 ς

234 2336 348 2405 laetam
366 2328 891 2425 voluptatibusadolescentiam
915 2328 1000 2428 egit,
1027 2326 1087 2401 suo
1104 2330 1213 2427 quant
1298 2316 1303 2321 ¹

235 2453 338 2551 patris
367 2451 513 2547 imperio
546 2450 744 2538 modestior.¹
794 2450 905 2548 Igitur
926 2475 1022 2523 oram
1052 2448 1212 2542 Achaiae,

183 2636 188 2642 .
235 2579 272 2646 &v
299 2575 404 2658 Afiae,
432 2595 472 2643 ac
499 2572 587 2644 laeva
611 2569 716 2645 maris
742 2571 943 2665 pravedtns,
973 2570 1147 2642 Rhodum
1178 2575 1212 2644 δι

94 2677 98 2687 “
159 2782 161 2789 ⁴
232 2696 392 2789 Cyprum
410 2688 545 2779 insulas,
571 2689 653 2761 inde
669 2688 799 2785 Syriam
823 2689 1083 2777 audentioribus
1099 2689 1217 2787 spatiis

234 2814 385 2911 petebat.
448 2817 568 2908 Atque
600 2812 699 2882 illum
733 2809 865 2906 cupido
893 2809 1038 2901 incessit,
1063 2811 1216 2912 adeundi

233 2931 435 3029 visendique
450 2934 621 3029 templum
638 2929 782 3029 Paphiae
801 2931 959 3020 Veneris,
978 2931 1136 3004 inclitum
1154 2955 1216 3027 pet

233 3053 411 3151 indigenas
428 3053 657 3153 advenasque.
708 3052 819 3130 Haud
836 3051 938 3125 fuerit
954 3050 1127 3151 longum
1118 3050 1214 3127 initia

232 3173 422 3271 religionis,
440 3172 562 3269 templi
575 3176 691 3262 situm,
709 3171 858 3245 formam
875 3173 965 3263 deae,
990 3197 1103 3269 neque
1121 3171 1215 3315 enirn

235 3293 317 3368 alibi
334 3298 376 3367 src
393 3295 499 3372 habet
485 3315 554 3383 tut,
574 3292 692 3390 paucis
709 3292 879 3367 differere.

282 3416 345 3487 111.
387 3421 414 3459 “
441 3413 713 3487 Conmrontn
747 3414 894 3512 templi’'
923 3439 1042 3514 regem
1070 3414 1214 3487 Aeriam

234 3556 333 3613 vetus
357 3532 538 3622 memoria,
562 3534 706 3632 quidam
736 3542 764 3577 “
780 3534 883 3632 ipsius
906 3535 980 3607 deae
1003 3560 1132 3608 nomen
1154 3535 1217 3606 id'*
1335 3576 1340 3596 ·

219 3657 426 3759 perhibent.
466 3654 601 3752 *Fama
630 3656 799 3729 recentior
830 3654 948 3743 tradit,
980 3662 1053 3728 “a
1086 3655 1215 3751 Cinyra

237 3792 264 3829 ‘⁴
283 3779 449 3871 sacratum
465 3775 652 3873 templum,
680 3776 852 3875 deamque
875 3774 984 3875 ipsam
1006 3796 1214 3874 conceptam
