2806 4694
357 339 960 425 Hrsronrn.nuanra.l.
1107 370 1153 454 57

172 520 270 598 mine
296 539 478 620 peteretur,
509 520 597 594 miffi
622 520 683 619 qui
711 523 875 595 dederent
903 517 1094 613 civitatem,
1121 527 1159 600 ἃ

171 642 309 717 deditio
326 661 480 739 accepta.
532 644 574 716 ln
592 642 727 737 Julium
753 641 926 739 Alpinum
947 668 967 716 e
992 643 1157 741 principi-

172 767 256 857 bus,
286 784 324 867 ut
349 764 568 838 concitorem
600 763 697 852 belli,
731 763 870 836 Caecina
888 762 1155 839 animadvertit:

103 922 112 940 =
171 883 664 975 ceterosveniae,velsaevitiae
676 884 805 958 Vitellii
823 868 973 982 reliquit.
1150 933 1153 938 -

183 1086 184 1089 Ἴ
222 1008 362 1081 LXIX.
390 1010 517 1081 Hnun
536 1002 639 1078 facile
653 1004 750 1077 dittu
767 1004 830 1094 est,
849 1004 952 1103 legati
969 1005 1156 1080 Helvetio-

173 1153 252 1203 rum
278 1129 392 1203 minus
419 1125 626 1225 placabilem
646 1126 911 1221 Imperatorem,
934 1151 980 1199 an
1008 1125 1159 1200 militem

174 1246 391 1322 invenerint:
432 1255 459 1290 ‘⁶
487 1244 634 1342 civitatis
661 1244 863 1318 excidium”
891 1244 1060 1343 poscunt3
1086 1248 1157 1321 tela

176 1394 218 1442 ac
235 1393 361 1440 manus
377 1366 414 1440 in
436 1392 497 1440 ora
518 1368 712 1464 legatorum
735 1365 921 1452 intentant.
970 1368 1029 1439 Ne
1046 1366 1156 1440 Vitel-

177 1488 244 1562 lius
257 1488 400 1586 quidem
417 1487 519 1560 minis
530 1512 571 1561 ac
582 1486 938 1584 verbistemperabat:
953 1487 1036 1561 cfrm
1049 1489 1155 1562 Clau-

174 1610 252 1683 dius
271 1610 405 1699 Collus,
435 1635 524 1683 unus
541 1634 585 1682 ex
610 1607 746 1705 legatis,
774 1628 865 1681 notae
881 1599 1067 1698 facundia,
1096 1607 1157 1686 sed

172 1731 313 1804 dicendi
339 1752 446 1804 artem
475 1731 555 1827 apta
577 1727 808 1827 trepidatione
829 1731 1022 1818 occultans,
1049 1749 1157 1827 atque

173 1850 217 1926 eb
235 1850 399 1941 validior,
418 1849 535 1924 militis
552 1851 709 1925 animum
726 1848 920 1948 mitigavit:
950 1870 991 1924 ut
1006 1849 1055 1924 est
1079 1834 1160 1929 moe

174 1975 312 2072 vulg03
332 1974 497 2054 mutabile
514 1970 647 2060 subitis,
678 1974 712 2043 dr
731 1989 803 2044 tam
822 1996 972 2069 pronum
997 1970 1034 2045 in
1051 1971 1152 2046 mise·

174 2092 370 2183 ricordiam,
392 2093 502 2192 quarn
529 2091 763 2166 immodicum
790 2089 917 2165 saevitia
943 2090 1074 2166 fuerat:
1104 2094 1157 2171 ef-

171 2212 251 2289 fufis
275 2214 437 2304 lacrimis,
464 2218 499 2287 δι
528 2212 676 2286 meliora
697 2211 907 2286 constantilrs
936 2214 1154 2311 postulando,

172 2334 651 2434 impunitatemtsalutemque
667 2332 798 2441 civitati
815 2333 1053 2430 impetravdre.

102 2484 105 2487 ’
220 2459 341 2532 LXX.
367 2459 541 2530 crrenti
571 2480 698 2552 paucos
729 2455 765 2530 in
798 2452 974 2529 Helvetiis
1002 2470 1157 2530 moratus

170 2578 258 2669 dies,
286 2580 374 2653 dum
404 2574 580 2652 sententiae
605 2575 736 2652 Vitellii
760 2572 887 2651 certior
918 2578 1031 2666 fieret,
1056 2578 1156 2650 timul

174 2702 354 2771 transitum
385 2699 533 2796 Alpium
562 2699 700 2795 parans,
719 2699 840 2776 laetum
865 2725 910 2776 ex
942 2697 1040 2772 ltalia
1068 2724 1158 2772 nun-

173 2816 264 2891 tium
281 2818 421 2914 accipit,
448 2827 474 2862 “
490 2821 580 2895 alam
595 2820 771 2915 Syllanam
788 2818 879 2896 circa
895 2819 1031 2891 Padum
1048 2844 1156 2917 agen-

174 2944 205 2992 “
222 2957 309 3029 tem,
335 2936 544 3012 sacramento
568 2939 698 3014 Vitellii
731 2938 937 3013 acceffiffe.’'
998 2940 1154 3012 Procon-

169 3056 280 3133 sulem
298 3058 479 3133 Vitellium
496 3061 624 3156 Syllani
642 3060 678 3133 in
696 3057 814 3133 Africal
831 3060 1042 3141 habuerant:
1068 3086 1156 3137 mox

170 3206 192 3253 a
208 3181 362 3271 Nerone,
382 3201 422 3253 ut
439 3180 474 3254 in
490 3182 691 3279 AEgyptum
710 3178 1013 3277 praemitterentur,
1032 3181 1153 3271 exciti,

170 3305 205 3375 δι
230 3302 277 3374 ob
301 3304 434 3376 bellum
451 3302 607 3377 Vindicis
631 3301 797 3390 revocati,
827 3326 867 3375 ac
890 3322 966 3373 tum
994 3300 1030 3373 in
1056 3302 1155 3379 Italia

80 3466 84 3472 ·
168 3442 361 3513 manentes,
387 3422 549 3497 instindlu
578 3422 823 3508 decurionum,
850 3420 909 3518 qui
926 3420 1078 3494 Othonis
1100 3421 1154 3520 ig·
1197 3461 1203 3469 ²

169 3542 255 3632 nari,
282 3540 423 3617 Vitellio
438 3542 606 3633 obstricti,
634 3531 738 3618 robur
754 3543 1018 3615 adventantium
1047 3542 1156 3640 legio,

168 3688 256 3735 num
286 3662 479 3738 &famam
509 3663 712 3738 Germanici
742 3663 913 3737 exercitlls
936 3664 1154 3752 attollebant,

167 3785 326 3873 transiere
357 3784 394 3859 in
423 3804 553 3883 partes:
590 3789 624 3859 δι
652 3805 692 3858 ut
723 3786 858 3867 donum
886 3785 1029 3884 aliquod
1063 3808 1155 3864 novo
