2806 4694
202 322 205 331 .
266 366 314 439 94
492 341 1058 418 C..Coanar„rrTncrr'1

313 519 393 590 XV.
424 518 510 590 Nnc
540 518 730 610 Vitelliani,
765 547 981 620 quamquam
1012 521 1108 611 vicli,
1140 524 1238 620 quie-

264 640 364 712 uere:
391 637 506 712 accitis
523 639 671 731 auxiliis,
690 640 845 715 securum
862 643 1009 732 hostem,
1032 655 1072 716 ac
1089 642 1238 717 successu

262 783 378 838 rerum
401 756 573 832 socordius
597 742 758 856 agentem
784 762 974 836 invadunt:
1001 767 1075 837 caefi
1100 763 1248 861 vigiles,

262 900 422 978 perrupta
451 878 574 966 castra,
599 880 812 976 trepidatum
836 887 929 980 apud
957 910 1078 958 naves:
1110 885 1237 974 donec,

262 1000 390 1073 fidente
408 997 589 1110 paullatim
615 1020 726 1089 metu,
751 1025 923 1101 occupato
939 1004 1041 1103 juxta
1065 1006 1154 1077 colle
1176 1006 1236 1077 de-

261 1120 358 1208 fensi,
389 1145 473 1191 mox
496 1118 667 1215 inrupere.
718 1127 833 1194 Atrox
859 1123 905 1196 ibi
931 1126 1057 1215 caedes,
1087 1131 1119 1197 &
1137 1127 1245 1217 Tun·-

261 1250 401 1339 grarurn
435 1238 631 1312 cohortium
658 1238 823 1335 praefecti,
853 1241 1034 1315 sustentata
1061 1243 1122 1317 diu
1150 1243 1237 1333 acie,

259 1364 336 1435 telis
364 1363 568 1434 obruuntur.
625 1361 683 1431 Ne
706 1361 913 1433 Othonianis
947 1362 1091 1459 quidem
1125 1365 1238 1436 incru-

261 1504 346 1555 enta·
358 1479 500 1552 victoria
517 1477 593 1569 fuit,
613 1476 761 1578 quorum
780 1480 976 1578 improvide
993 1482 1137 1573 secutos,
1155 1511 1238 1558 con·

261 1606 344 1677 versi
374 1600 507 1700 equites
538 1600 851 1674 circumvenerunt.
917 1608 973 1676 Ac
1002 1607 1097 1676 velut
1131 1604 1238 1700 poclis

260 1723 422 1812 induciis,
449 1745 493 1792 ne
515 1720 596 1792 hinc
617 1722 742 1812 classis,
761 1721 842 1795 inde
866 1748 969 1820 eques
994 1722 1141 1798 subitam
1166 1722 1237 1796 for·

173 1885 177 1888 -
238 1839 646 1931 ωἰάἰηεηπίῃῐεπεῃῐ,
683 1841 857 1946 Vitelliani
898 1864 991 1916 retro
1023 1844 1235 1941 Antipolim,

258 1964 492 2052 Narbonensis
526 1962 650 2034 Galliae
679 1962 923 2059 municipium,
955 1964 1146 2043 Othoniani
1172 1967 1236 2037 Al-

258 2088 491 2184 bingaunum,
519 2081 686 2155 interioris
700 2084 867 2181 Liguriae,
886 2088 1067 2156 revertere.

226 2290 228 2296 ,
305 2207 404 2279 XVI.
421 2206 631 2278 Corsicana
644 2231 683 2277 ac
701 2203 1112 2312 Sardiniam,ceterasque
1127 2230 1234 2300 prox·

257 2325 441 2400 imimaris
457 2324 595 2416 insulas,
621 2324 713 2397 fama
728 2324 877 2398 victricis
894 2326 999 2398 classis
1019 2324 1055 2396 in
1079 2325 1239 2421 partibus*

255 2448 404 2523 Othonis
429 2446 550 2518 tenuit.
600 2446 665 2518 Sed
684 2447 860 2518 Corsicam
884 2444 992 2542 prope
1009 2445 1144 2518 adflixit
1161 2448 1234 2520 De·

256 2571 350 2643 cumi
378 2567 509 2640 Pacarii
542 2565 773 2663 procuratoris
798 2566 985 2656 temeritas,
1016 2570 1108 2640 tanta
1139 2568 1235 2639 mole

256 2689 352 2776 belli,
382 2686 467 2761 nihil
497 2687 531 2760 in
565 2685 735 2758 summam
772 2684 962 2782 profutura,
997 2687 1057 2783 ipsi
1083 2687 1235 2761 exitiosa.

255 2811 434 2905 Namque,
469 2807 618 2883 Othonis
650 2805 758 2894 Odio,
779 2803 903 2902 juvare
936 2806 1117 2880 Vitellium
1145 2809 1233 2880 Cor·

255 2927 370 3000 sorum
387 2929 517 3002 viribus
542 2927 667 3016 statuit,
690 2924 783 2997 inani
801 2925 945 3015 auxili0,
964 2926 1092 2999 etiamsi
1110 2950 1233 3022 prove·
1267 2950 1270 2951 ’

253 3047 364 3121 niffet.
414 3049 551 3121 Vocatis
571 3045 786 3144 principibus
804 3046 934 3135 insula,
953 3047 1137 3119 confilium
1149 3070 1230 3141 apc-

253 3169 318 3241 rit:
351 3175 385 3242 &
410 3169 645 3242 contradicere
668 3165 782 3256 ausos,
810 3165 995 3239 Claudium
1019 3164 1230 3254 Phirricum,

253 3288 479 3362 trierarchum
496 3288 741 3361 liburnicarum
765 3286 814 3360 ibi
840 3287 996 3375 navium,
1023 3284 1231 3381 Qrindzium
1324 3263 1334 3275 .

253 3399 413 3497 Certum,
436 3408 590 3506 equitem
609 3413 827 3496 Romanum,
847 3403 1120 3502 interlicijubct:
1141 3432 1231 3504 quo·

251 3557 330 3605 rurn
349 3549 460 3601 morte
476 3528 642 3618 exterriti,
669 3529 729 3626 qui
746 3530 899 3616 aderant,
925 3528 1024 3599 simul
1042 3524 1177 3623 ignata,
1198 3529 1231 3599 δι

253 3651 354 3729 alieni
382 3640 608 3720 metus‘socia
641 3647 882 3744 imperitorum
909 3648 1022 3736 turba,
1059 3647 1095 3718 in
1123 3628 1240 3718 uerba¹

253 3770 383 3850 Vitellii
404 3767 573 3867 juravdre.
624 3768 690 3839 Sed
716 3767 775 3840 ubi
800 3768 974 3839 deleclum
998 3791 1101 3865 agere
1122 3767 1228 3838 Paca-
