2806 4694
270 372 318 441 24
487 346 544 417 -C.
569 345 807 418 Conuanrr
833 346 1013 418 Tncrrr

267 546 404 620 agrum,
430 520 486 593 sua
513 519 660 616 pecunia
679 541 854 619 emptum,
881 525 977 593 dono
1001 517 1150 592 dederit:
1167 539 1243 614 ,per

267 638 457 714 socordiam
481 638 645 737 praesedi,
675 667 782 746 quem
801 662 884 715 nota
899 639 1025 738 pariter
1046 636 1243 724 &occulta

267 759 445 833 fallebant.

314 881 433 952 XXV.
458 881 533 953 San
560 901 638 954 tum
666 908 686 955 e
714 883 845 957 libertis
865 879 1099 956 Onomastum
1124 877 1243 951 futuro

267 998 382 1072 sceleri
401 999 570 1099 praefecit,
597 1029 617 1074 a
644 991 715 1100 quo
732 996 897 1077 Barbium
914 994 1243 1090 Proculum,‘tesse·'
1287 1063 1292 1077 ,

251 1115 395 1193 ¹ratium
419 1119 688 1219 speculatorum,
711 1128 744 1195 δι
774 1123 969 1212 Veturium,
987 1120 1168 1218 optionem
1184 1143 1244 1190 eo·

150 1320 157 1330 x
266 1240 443 1332 ruindem,
472 1243 667 1340 perdustos‚
688 1241 872 1340 postquam
889 1242 985 1312 vario
1002 1241 1155 1313 sermone
1171 1240 1242 1312 cal-

268 1362 359 1434 lidos
392 1361 607 1459 audacesque
634 1363 813 1461 cognovit,
846 1361 969 1459 pretio,
1002 1365 1034 1433 &
1079 1358 1245 1455 promissis
1283 1386 1289 1392 ·
1343 1393 1345 1399 ⁴

268 1504 403 1571 onerat,
421 1483 502 1571 data
518 1483 662 1578 pecunia
680 1484 723 1555 ad
742 1476 985 1581 pertentandos
1004 1480 1157 1577 plurium
1172 1480 1245 1552 ani-

269 1628 356 1676 mos.
407 1602 594 1699 Suscepdre
614 1606 687 1676 duo
716 1604 946 1701 manipulares
968 1594 1153 1697 imperium
1182 1625 1244 1696 po·
1323 1588 1327 1593 ’

269 1724 344 1821 puli
362 1724 516 1797 Rotnani
536 1723 824 1816 transferendum,
852 1729 885 1796 ἃ
903 1721 1157 1795 transtulerunt.
1203 1722 1245 1793 In

269 1843 513 1918 conscientiam
532 1844 690 1917 facinoris
710 1845 820 1942 pauci·
829 1842 966 1917 adsciti:
1000 1839 1173 1939 suspensos
1190 1866 1246 1914 ce-

268 1987 425 2039 terorum
454 1965 589 2038 animos
618 1965 758 2038 diverfis
794 1964 924 2039 artibus
953 1963 1148 2036 stimulant:
1174 1961 1245 2058 pri·

270 2113 383 2187 mores
402 2086 565 2174 militum,
594 2092 621 2127 “
637 2111 698 2182 per
714 2084 882 2158 beneficia
898 2081 1110 2181 Nymphidii
1127 2101 1165 2154 ut
1179 2078 1246 2153 sus·

271 2215 299 2250 “
318 2210 436 2305 pectus
450 2208 487 2279 :’'
510 2208 637 2304 vulgus
661 2210 857 2296 &ceteros,
881 2205 928 2278 ira
951 2208 984 2277 ὅτ
1014 2200 1262 2299 desperatione,

273 2310 421 2399 “dilati
450 2327 575 2398 totiens
602 2326 803 2398 donativi:”
840 2348 934 2399 erant
953 2320 1051 2422 'quos
1080 2316 1247 2394 memoria

196 2440 201 2448 ⁴
268 2449 434 2537 Neronis,
453 2473 492 2519 ac
510 2447 716 2519 desiderium
734 2447 852 2544 prioris
869 2445 1012 2518 licentiae
1023 2442 1244 2515 accenderet:
1341 2475 1344 2491 ›

271 2569 307 2641 in
325 2592 515 2640 commune
527 2591 648 2639 omncs
670 2588 765 2649 metu
793 2563 966 2637 mutanda
990 2561 1122 2635 militiae
1139 2582 1245 2636 terre-

244 2687 410 2757 ‘'bantut.

210 2864 212 2871 .
321 2808 457 2879 XXVI.
484 2809 650 2881 luracrr
679 2832 719 2879 ea
741 2807 837 2879 tabes
870 2803 1052 2903 legionum
1090 2830 1245 2902 quoque,

270 2923 537 2998 &auxiliorum
560 2949 669 3001 motas
688 2926 765 3025 jam
790 2938 935 3019 mentes,
964 2924 1147 3021 postquam
1169 2927 1247 2998 vul·

272 3064 394 3144 garum
411 3068 481 3120 erat
511 3055 537 3089 “
557 3049 671 3121 labare
696 3044 894 3121 Germanici
916 3044 1088 3118 exercitus
1104 3046 1249 3125 fidem.''
1294 3066 1296 3072 ·

273 3165 447 3263 Adeoque
471 3187 587 3262 parata
608 3169 701 3264 apud
726 3170 836 3243 malos
863 3166 997 3256 seditio,
1023 3164 1129 3239 etiam
1153 3166 1246 3262 apud

274 3283 426 3382 integros
451 3287 671 3360 dissimulatio
694 3285 772 3379 fuit,
797 3310 837 3361 ut
862 3287 999 3384 postero
1022 3288 1152 3360 Iduum
1176 3285 1247 3376 dio,

272 3405 477 3478 redeuntem
501 3432 521 3479 a
545 3410 640 3480 caend
656 3409 837 3482 Othonem
861 3409 990 3508 rapturi
1017 3407 1164 3497 suerinq
1190 3407 1249 3480 nisr

273 3523 402 3596 incerta
419 3525 544 3615 noctis,
564 3531 598 3599 δι
616 3529 687 3601 tota
704 3530 804 3603 Urbe
825 3528 932 3628 sparsa
957 3530 1109 3602 militum
1129 3527 1247 3616 castra,

273 3670 337 3719 nec
369 3643 505 3718 facilem
541 3645 631 3719 inter
670 3652 879 3724 temulentos
907 3648 1107 3724 consensum
1141 3646 1246 3717 timu·

269 3762 394 3842 issent?
412 3764 694 3865 nonreipublicae
707 3774 802 3863 cura,
830 3797 936 3869 quarn
958 3770 1090 3845 soedare
1111 3755 1244 3841 Princi-
