2820 4694
207 362 279 439 262
412 356 456 430 C.
487 356 761 432 Cotuaarr
795 357 1004 436 Tncrrr

208 534 276 622 Ius,
302 529 460 626 misitque
480 526 628 602 subsidio
651 524 843 604 cohortem.
893 531 1028 605 Auitus
1046 531 1080 603 δι
1098 530 1188 602 Ger·
1236 624 1237 627 Ἴ

152 633 153 636 ¹
208 675 394 727 manorum
427 673 603 739 numerus,
639 651 891 753 paullatimque
918 648 1187 751 aggregantibus

208 771 242 852 se
267 771 415 860 auxiliis,
440 769 513 845 acie
529 789 709 844 certatum.
758 773 938 864 Germani,
968 773 1077 846 mults
1105 758 1188 843 cum

209 893 323 993 strage
340 892 550 980 nostrorum,
580 916 708 966 navem
724 893 908 990 abripiunt.
954 892 1045 976 viui
1072 887 1189 988 (quod

209 1037 287 1089 tum
310 1015 347 1088 in
366 1038 502 1087 motem
526 1016 698 1110 verterat)
717 1040 787 1088 non
804 1014 899 1088 suam
917 1013 1108 1112 ignaviam,
1129 1007 1190 1089 sed
1209 996 1216 1016 ’

211 1139 397 1238 perfidiam
414 1134 526 1235 legati*
543 1137 744 1232 culpabant.
795 1138 1013 1209 Protrattum
1035 1158 1054 1206 e
1079 1152 1191 1205 tento·

213 1259 281 1350 rio,
309 1258 405 1334 scissi
423 1257 531 1348 veste,
550 1258 735 1332 verberato
751 1283 910 1360 corpore,
938 1264 965 1300 “
985 1280 1054 1354 quo
1071 1251 1193 1352 pretio,

215 1380 393 1479 “quibus
419 1378 572 1469 consciis,
599 1379 802 1476 prodidisset
826 1378 1061 1467 exercitum,’'
1085 1374 1196 1448 dicere

211 1480 350 1603 jubent.
409 1501 517 1576 neae
540 1499 576 1570 n
610 1499 859 1573 Hordeonium
891 1497 1034 1570 invidia.
1093 1496 1199 1569 ntum
1236 1508 1238 1513 ’

218 1627 439 1695 “auctorem
456 1614 627 1699 sceleris,'’
643 1616 739 1685 hunc
758 1622 786 1656 “
803 1615 1027 1686 ministrum”
1039 1619 1170 1686 vocant
1187 1641 1196 1686 t

216 1745 325 1814 donec
353 1733 497 1804 exitium
526 1729 768 1803 minitantibus
801 1732 999 1824 exterritus,
1031 1739 1060 1774 “
1078 1732 1197 1828 prodi?

216 1862 244 1900 “
261 1849 417 1924 tionem'’
434 1851 468 1920 &
485 1846 556 1943 ipse
568 1849 783 1922 Hordeonio
797 1849 949 1948 objecit:
977 1851 1196 1950 vindusque,

211 1970 365 2044 adventu
391 1967 538 2045 demum
566 1967 712 2042 Voculae
746 1967 951 2045 exsolvitur.
1003 1975 1036 2046 Is
1064 1972 1200 2070 postera

210 2090 283 2180 dle,
310 2089 465 2162 atterores
488 2086 661 2163 seditionis
683 2111 795 2163 morte
816 2089 957 2165 adfecit.
1006 2094 1125 2165 Tanta
1145 2093 1198 2168 iIIi

121 2209 124 2216 ’
212 2208 381 2287 exercitui
408 2209 584 2284 diversitas
613 2209 723 2284 inerat
752 2210 913 2301 licentia,
936 2210 1197 2310 patientiaeque.

215 2334 328 2409 Haud
346 2332 453 2407 dubie
478 2331 653 2432 gregarius
671 2332 782 2423 miles,
796 2332 937 2406 Vitellio
953 2333 1063 2409 fidus:
1082 2332 1196 2430 splen-

212 2452 406 2535 didissimus
432 2452 591 2552 quisque,
624 2452 661 2526 in
690 2442 948 2551 Vespasianum
962 2453 1082 2551 proni:
1113 2453 1198 2530 inde

172 2611 179 2621 ’
214 2576 382 2652 scelerum
410 2601 450 2649 ac
474 2574 723 2673 suppliciorum
748 2575 854 2666 vices,
884 2575 1077 2649 &numus
1099 2573 1199 2649 obse·
1224 2617 1227 2628 «

217 2698 302 2796 quio
327 2695 446 2771 fusor:
476 2718 521 2794 ut
542 2696 712 2771 contineri
738 2722 810 2771 non
836 2697 983 2795 possent,
1007 2695 1069 2795 qui
1088 2694 1204 2794 puniri
1309 2757 1315 2768 ,

221 2840 391 2920 poterant.
1212 2902 1216 2908 ‚

266 2941 436 3017 XXVIII.
463 2942 523 3016 Ar
554 2937 706 3012 Civilem
739 2937 916 3012 immensu
942 2938 1204 3025 audibusuni·
1290 2948 1293 2951 ’

219 3061 314 3135 tersa
345 3043 536 3135 Germania
561 3054 764 3149 extollebat,
795 3058 955 3133 societate
987 3058 1204 3134 nobilissimis

105 3173 107 3177 ¹
221 3183 381 3255 obsidum
415 3181 561 3255 firmati.
622 3181 698 3269 Ille,
736 3187 795 3253 ut'
811 3157 941 3277 ‘rique
983 3181 1202 3278 proximum,

223 3308 250 3346 “
269 3299 388 3374 vastari
405 3299 519 3374 Ubios
532 3297 784 3398 Treverosque,
802 3300 840 3372 δι
855 3286 921 3374 alia
937 3326 1045 3375 manu
1057 3295 1201 3386 Mosam

222 3431 250 3466 “
269 3445 409 3494 amnem
432 3423 595 3496 transtre'’
604 3420 719 3520 jubet,
746 3428 831 3502 “,ut
847 3422 1038 3521 Menapios
1064 3423 1201 3495 &Mo-

139 3591 141 3597 -
224 3553 251 3590 “
272 3541 364 3617 rinos
395 3545 430 3612 δι
459 3562 617 3618 extrema
642 3544 835 3618 Galliarum
863 3545 1054 3642 quateret.'’
1103 3541 1204 3616 Aera

222 3661 409 3761 utrobique
434 3663 585 3758 praedae;
614 3663 772 3747 infestius,
793 3665 828 3738 in
848 3664 972 3755 Ubiis,
995 3663 1094 3763 qudd
1119 3684 1206 3762 gens
1276 3729 1282 3741 ,

223 3782 439 3874 Germanica
455 3780 620 3889 originis,
648 3783 779 3895 ejurati
804 3784 927 3887 patris,
955 3787 1204 3865 Romanorum
