2806 4694
354 357 763 434 Hrsrontnnun
800 357 911 432 Lrn.
944 359 973 432 I.
1123 384 1168 463 53

179 548 299 606 tamen
327 533 374 606 ad
400 552 550 633 quatuor
565 531 675 608 millia
691 531 887 611 hominum.
937 530 1040 631 Isque
1062 552 1170 610 terror

179 652 314 728 Gallias
326 651 470 746 invasit,
489 674 539 735 vut
555 653 708 728 venienti
730 652 977 752 mox-agmini
1001 644 1169 729 uni'versae

179 774 350 866 civitates,
375 801 460 850 cum
482 774 788 876 magistratibus&
812 770 987 871 precibus,
1010 800 1171 848 occurre·

179 914 271 987 rent,
298 894 407 969 stratis
436 922 498 994 per
522 897 596 970 vias
617 894 734 995 pueris
756 892 985 991 feminisque3
1017 919 1168 992 quaeque

179 1015 248 1090 alia
264 1017 484 1115 placamenta
504 1016 634 1094 hostilis
652 1015 724 1107 irae,
754 1041 826 1088 non
842 1014 988 1113 quidem
1004 1014 1041 1088 in
1059 1016 1168 1107 bello,

178 1135 238 1209 sed
254 1163 319 1235 pro
337 1162 422 1235 pace
440 1139 685 1211 tendebantur.

227 1258 367 1332 LXIV.
391 1260 597 1331 Nunrrunr
621 1259 665 1331 de
682 1258 779 1332 caede
794 1259 933 1347 Galbae,
961 1256 1167 1355 &imperio

178 1376 347 1466 Othonis,
376 1376 505 1451 Fabius
528 1380 653 1452 Valens
671 1378 707 1451 in
731 1378 871 1452 civitate
888 1379 1092 1451 Leucorum
1110 1404 1168 1452 ac·

183 1495 289 1594 cepit.
337 1499 416 1571 Nec
433 1497 588 1573 militurn
605 1498 743 1572 animus
760 1499 795 1572 in
815 1496 999 1597 gaudium,
1018 1517 1079 1570 aut
1096 1496 1165 1572 for-

177 1616 348 1695 midinem
358 1640 557 1716 permotus:
577 1621 711 1696 bellum
724 1621 901 1695 volvebat.
932 1618 1043 1692 Gallis
1059 1643 1167 1692 cunc·

178 1737 263 1813 tatio
279 1762 462 1838 exempta,
481 1741 518 1812 &
535 1741 572 1814 in
582 1743 766 1815 Othonem
781 1738 1024 1815 acVitelliutn
1040 1738 1165 1816 odium

172 1886 256 1959 par,
285 1885 332 1933 ex
359 1860 503 1935 Vitellio
533 1866 566 1935 δι
593 1883 720 1936 metus.
771 1836 938 1934 Proxima
960 1846 1170 1957 Lingonum
1267 1950 1269 1953 ἱ

180 1980 301 2055 civitas
317 1974 410 2073 erat,
435 1982 508 2055 fida
528 1982 705 2081 partibus:
733 1980 888 2080 benigne
913 1980 1063 2079 excepti,
1090 2007 1168 2055 mo·

178 2101 288 2179 destia
314 2103 509 2176 certavere:
554 2101 624 2176 sed.
640 2101 754 2178 brevis
787 2101 905 2176 laetitia
932 2102 1011 2192 fuit,
1041 2105 1166 2176 cohor·

177 2223 268 2297 tium
284 2223 505 2321 intemperie,
535 2250 622 2322 quas
638 2251 660 2297 a
675 2224 813 2324 legione
830 2224 1102 2323 quartadecimlu
1128 2244 1169 2299 ut

179 2343 280 2443 supri
305 2334 594 2436 memoravimus,
622 2345 800 2444 digrelsas,
827 2344 994 2420 exercitui
1017 2343 1078 2416 suo
1099 2346 1168 2417 Fa·

105 2528 110 2536 ,
180 2466 258 2541 bius
284 2468 415 2540 Valens
441 2461 660 2562 adjunxerat.
709 2465 834 2566 Jurgia
867 2464 1049 2563 prinrdtn:
1080 2488 1167 2538 tnox

146 2634 150 2636 -
180 2588 257 2663 rixa
274 2587 363 2673 inter
388 2590 538 2660 Batavos
563 2591 596 2660 a
620 2585 837 2685 legionarios.
886 2589 986 2662 Dum
1012 2584 1079 2676 his,
1110 2605 1171 2659 aut

183 2706 265 2798 illis,
295 2706 407 2780 studia
424 2706 578 2781 militum
604 2728 855 2806 aggregantur,
884 2706 995 2806 prope
1012 2706 1053 2783 in
1075 2732 1170 2805 proe·

183 2825 273 2903 lium
286 2827 466 2911 'exarsdre3
495 2827 531 2900 ni
555 2829 698 2919 Valens,
725 2827 1022 2903 animadversrone
1040 2854 1170 2926 pauco·

182 2972 278 3031 rum,
314 2945 442 3020 oblitos
474 2944 551 3045 jam
576 2951 721 3026 Batavos
751 2947 889 3044 imperii
923 2948 1167 3022 admonuisset.

179 3066 318 3142 Frustra
335 3066 497 3143 adversita
512 3069 807 3168 AEduosquaesrta
823 3067 905 3146 belli
923 3065 1034 3142 causa.
1084 3071 1169 3165 Juffi
1239 3122 1243 3134 r
1307 3058 1313 3080 ⁸

181 3187 414 3286 “pecuniam
439 3210 545 3289 atque
570 3202 677 3265 arma'
693 3188 863 3285 deferre,’'
886 3188 1052 3287 gratuitos
1077 3189 1168 3263 insu·

180 3335 244 3406 per
262 3329 480 3384 commeatus
496 3313 698 3409 praebuere:
726 3309 824 3408 quod
841 3307 1170 3400 AEduiformidine,

179 3429 436 3530 Lugdunenses
453 3431 585 3531 gaudio
602 3428 726 3505 fecere.
776 3430 844 3503 Sed
868 3429 963 3528 legio
988 3429 1109 3503 Italica
1135 3435 1170 3502 u

178 3552 234 3624 ala
248 3553 406 3628 Taurina
418 3552 589 3625 abduetae.
639 3553 835 3625 Cohortem
851 3549 1170 3624 duodevicefimam

179 3671 368 3770 Lugduni,
403 3667 510 3746 solitis
543 3670 604 3745 fibi
633 3670 802 3761 hibernis,
840 3670 992 3769 relinqui
1025 3668 1169 3766 placuit.
1212 3671 1238 3746 J

180 3793 349 3876 Manius·
368 3795 512 3884 Valens,
539 3793 682 3892 legatus
698 3790 825 3867 ltalicae
854 3790 1015 3891 legionis,
1047 3812 1171 3888 quam·
