2752 4710
268 365 310 435 16
466 360 1038 440 C.Conunr11Tnc1r1

265 532 412 630 quentiae
439 534 535 624 ferat,
566 557 675 607 errare
703 514 827 624 mavis,
858 540 892 608 ἃ
916 533 1050 609 somma
1067 536 1230 634 adeptus,

262 654 297 726 in
314 654 496 727 levioribus
513 654 666 728 subfistis.
708 656 760 727 Ut
776 658 798 727 sr
815 653 852 726 in
868 654 1002 728 Graecial
1014 677 1113 730 natus
1130 657 1228 745 elica,

261 773 320 847 ubi
338 772 481 864 ludicras
505 799 645 870 quoque
673 795 761 863 artes
785 799 943 846 exercere
965 774 1148 848 honestum
1164 775 1229 864 est,

259 918 299 965 ac
315 893 375 965 tibi
391 892 578 965 Nicostrati
602 896 708 967 robur
728 920 768 966 ac
784 893 873 966 vires
888 892 936 964 dii
951 892 1131 984 dedissent,
1155 920 1229 967 non

258 1033 389 1109 paterer
406 1013 574 1087 immanes
601 1014 676 1087 illos
702 1014 746 1086 ad
776 1037 931 1111 pugnam
951 1014 1047 1086 datos
1068 1015 1229 1104 lacertos,

258 1116 395 1206 revitate
413 1131 520 1230 jaculi
537 1155 595 1207 aut
614 1130 709 1230 jado
734 1132 816 1207 disci
834 1130 1034 1206 vanescere:
1065 1135 1108 1205 fic
1134 1158 1232 1207 nuuc

257 1274 291 1326 te
308 1256 352 1326 ab
375 1252 549 1326 auditoriis
578 1258 611 1326 δι
629 1252 783 1342 theatris,
811 1252 849 1325 in
873 1251 985 1325 sorum
1002 1256 1036 1325 δι
1054 1253 1098 1324 ad
1114 1249 1232 1325 causas

243 1375 291 1444 ‘&
309 1374 353 1447 ad
371 1398 452 1447 vera
469 1373 591 1468 proelia
606 1399 696 1447 voco
710 1401 718 1444 ε
732 1440 735 1446 .
750 1375 833 1446 clam
860 1370 1040 1471 praesertim
1064 1396 1108 1444 ne
1123 1373 1167 1446 ad
1190 1373 1230 1446 id

258 1493 400 1591 quidem
428 1494 628 1590 consurgere
653 1496 765 1589 possis,
792 1493 888 1590 quod
917 1490 1084 1589 plerisque
1112 1512 1229 1588 patro·

257 1615 402 1703 cinatur,
430 1606 608 1710 tamquam
635 1612 750 1686 minus
766 1611 962 1686 obnoxium
988 1615 1024 1684 srt
1051 1613 1229 1685 offendere

257 1740 453 1832 poetarum,
482 1735 588 1831 quam
616 1752 789 1806 oratorum
813 1732 976 1805 studium.
1026 1731 1229 1805 Effervescit

256 1854 349 1926 enim
367 1854 418 1926 vis
437 1853 673 1950 pulcherrimae
690 1874 815 1925 naturae
833 1873 916 1941 tuae,
942 1877 1005 1926 nec
1032 1877 1094 1948 pro
1110 1851 1227 1925 amico

253 1971 384 2070 aliquo,
410 1970 467 2045 sed
485 1973 579 2071 quod
609 1973 824 2069 periculosius
847 1972 909 2060 est,
936 1997 1000 2068 pro
1016 1959 1148 2046 Catone
1172 1972 1227 2047 os-

250 2090 383 2169 fendis:
409 2117 472 2168 nec
489 2090 667 2166 excusatur
684 2090 808 2165 offensa
831 2092 1072 2164 neceffitudine
1097 2094 1223 2184 officii,

253 2233 312 2286 aut
330 2214 398 2291 fide
414 2213 662 2303 advocationis,
692 2234 750 2286 aut
773 2211 920 2285 fortuitae
945 2216 978 2285 δι
1001 2209 1118 2284 subitae
1143 2211 1223 2285 dic-

252 2332 355 2407 tionis
372 2333 524 2431 itnpetu:
557 2332 739 2407 meditatus
757 2331 880 2404 videris
896 2331 1028 2430 elegisse
1044 2329 1225 2428 personam

167 2548 169 2551 ¹
252 2454 454 2542 notabilem,
478 2458 511 2526 a
540 2478 620 2526 cum
647 2442 852 2525 austoritate
874 2451 1052 2524 dissutam.
1101 2452 1224 2526 Sentio

147 2565 149 2569 ⁵
250 2574 337 2672 quid
361 2571 555 2669 responderi
582 2575 701 2669 possit:
729 2572 810 2645 hinc
831 2572 988 2668 ingentes
1012 2595 1056 2644 ex
1082 2571 1134 2643 his
1158 2574 1222 2646 ad·

250 2694 373 2784 sensus,
401 2692 481 2766 hinc
499 2693 538 2789 in
550 2692 626 2790 ipsis
641 2691 815 2766 auditoriis
837 2692 1008 2791 praecipue
1025 2692 1166 2784 laudari,
1186 2698 1222 2768 dr

128 2889 142 2903 ,
250 2841 336 2890 mox
353 2815 510 2887 omnium
526 2813 735 2887 sermonibus
752 2811 843 2887 serti.
890 2814 994 2886 Tolle
1020 2811 1123 2910 igitur
1140 2814 1220 2911 qui-

248 2924 309 3010 etis
339 2939 372 3009 δι
401 2933 583 3009 securitatis
608 2930 876 3022 excusationem,
905 2934 987 3006 citm
1012 2933 1076 3006 ¹tibi
1104 2932 1220 3007 sumas

247 3055 477 3130 adversarium
495 3052 736 3151 superiorem:
773 3053 872 3126 nobis
898 3052 973 3126 satis
1002 3056 1039 3126 fit
1069 3052 1220 3148 privatas

246 3176 284 3244 δι
303 3177 406 3249 nostri
430 3174 544 3249 saeculi
563 3176 805 3246 controversias
822 3173 922 3261 tueri,
950 3173 992 3246 in
1011 3171 1138 3270 quibus
1154 3198 1216 3244 ex-

248 3297 362 3389 presfis
379 3298 400 3366 sr
418 3296 558 3392 quando
575 3294 704 3366 necesse
730 3296 767 3366 stt
793 3319 857 3391 pro
874 3292 1085 3389 periclitante
1101 3292 1218 3365 amico

247 3411 484 3510 potentiorum
500 3439 596 3487 aures
614 3414 801 3504 offendere,
831 3415 1027 3510 &probata
1048 3416 1087 3488 fit
1112 3412 1217 3504 fides,

246 3532 281 3604 ἃ
301 3530 436 3631 libertas
453 3532 622 3606 excusata.
1241 3617 1245 3623 μ

293 3652 357 3725 ΧΙ.
382 3653 483 3747 QJAE
500 3653 581 3724 clun
598 3653 734 3726 dixisset
753 3657 850 3748 Aper
866 3652 988 3742 acribs,
1017 3672 1056 3725 ut
1071 3650 1218 3743 solebat,

245 3770 442 3846 &intento
470 3794 551 3845 ore:
582 3771 734 3848 remissos
763 3769 1000 3847 &subridens
1028 3773 1217 3865 Maternus,
1327 3808 1329 3814 ⁸
