2844 4704
291 344 948 426 Histonrnnuqua.IlI.
1048 369 1113 445 173

142 511 251 590 fenfos
266 513 529 592 incitamentum
547 535 633 608 erat,
658 535 840 615 tamquam
858 515 985 589 nimius
1012 541 1118 613 pavor

141 633 384 709 conscientiam
421 658 594 735 argueret.
660 639 923 710 Obturbabatur
966 635 1119 709 militum

143 755 289 830 vocibus
322 758 497 854 Aponius,
528 760 610 831 cum
640 757 737 855 loqui
767 777 950 855 coaptaret:
980 754 1120 829 fremitu

144 881 178 949 dc
195 879 347 951 clamore
364 902 497 951 ceteros
513 877 751 974 aspernantur:
772 878 831 950 uni
846 876 1004 949 Antonio
1021 900 1119 974 aper·
1181 915 1184 919 ·

141 1018 185 1071 tae
215 997 366 1072 militum
389 1025 513 1099 aures:
542 989 769 1095 Namque&
800 995 960 1070 facundia
987 996 1119 1085 aderat,

141 1118 390 1216 mulcendique
429 1122 579 1215 vulgum
604 1140 704 1206 artes,
734 1121 767 1191 δι
801 1117 994 1191 aufloritas·
1043 1117 1121 1191 Ubi

140 1237 334 1312 crudescere
345 1239 479 1327 sediti0,
500 1242 532 1310 ὅτ
550 1264 570 1310 a
585 1236 752 1310 conviciis
769 1263 808 1313 ac
827 1239 975 1335 probris,
992 1240 1122 1311 adtela

145 1362 179 1430 δι
194 1383 319 1431 manus
331 1361 533 1446 transrbant,
553 1355 687 1454 “injici
704 1377 841 1454 catenas
862 1355 1121 1455 Flaviano''ju·

146 1479 214 1552 bet.
264 1479 370 1551 Sensit
396 1477 583 1551 ludibrium
600 1478 723 1567 miles,
740 1477 967 1576 disjectisque,
985 1478 1046 1576 qui
1062 1477 1121 1550 tri·
1176 1534 1178 1536 -

144 1599 250 1671 bunal
275 1599 472 1687 tuebantur,
498 1617 655 1670 extrema
676 1597 728 1672 vis
753 1601 948 1696 parabatur.
996 1601 1121 1696 Oppo-

143 1714 211 1789 suit
229 1721 340 1792 finum
357 1717 548 1805 Antonius,
572 1717 689 1791 stricto
712 1717 812 1808 ferro,
844 1727 945 1793 “aut
967 1716 1122 1791 militum

142 1844 171 1880 “
190 1837 223 1910 se
241 1837 415 1929 manibus,
441 1860 502 1913 aut
518 1837 585 1912 suis
600 1839 833 1912 moriturum’'
858 1840 1057 1913 obtestans:
1082 1857 1123 1911 ut

143 1983 324 2056 quemque
348 1979 486 2048 notum,
515 1959 684 2057 &aliquo
709 1959 848 2033 militari
870 1961 994 2033 decore
1017 1959 1123 2059 insig-
1185 1940 1196 1954 ⁸

139 2102 224 2150 nem
241 2076 429 2175 aspexerat,
448 2081 494 2152 ad
517 2078 697 2152 ferendam
713 2105 819 2176 opem
842 2072 985 2152 nomine
1002 2080 1121 2154 ciens:

140 2223 228 2271 mox
253 2199 433 2273 conversus
455 2201 501 2273 ad
526 2204 622 2296 signa
639 2204 673 2274 δι
700 2201 872 2274 bellorum
889 2200 974 2272 deos
999 2208 1027 2242 “
1044 2199 1121 2273 hos-

139 2324 172 2360 “
188 2318 277 2393 tium
295 2319 412 2416 potius
429 2318 638 2393 exercitibus
654 2317 753 2393 illum
766 2318 931 2409 furorem,
946 2319 1041 2392 illam
1053 2319 1122 2392 dis-

146 2439 350 2512 “cordiam
382 2436 601 2534 injicerent,”
642 2441 780 2527 orabat,
814 2441 926 2513 donec
960 2437 1123 2514 fatisceret

142 2557 275 2647 seditio,
296 2562 344 2648 δι,
362 2579 520 2634 extremo
529 2556 605 2657 jam
621 2559 692 2648 die,
719 2559 776 2633 sua
793 2558 935 2659 quisque
957 2559 992 2632 in
1008 2580 1123 2633 tento·

142 2676 195 2750 ria
219 2677 465 2751 dilaberentur.
514 2676 691 2752 Profectus
714 2680 837 2754 eadem
859 2682 959 2753 noste
985 2681 1123 2754 Flavia-

141 2821 223 2886 nus,
247 2796 359 2869 obviis
375 2797 568 2895 Vespafiani
593 2798 711 2892 literis,
734 2798 922 2874 discrimini
939 2804 1123 2900 exemptus

191 3039 257 3111 XI.
283 3037 636 3128 Lno1onns,veluti
661 3044 741 3116 tabe
762 3040 911 3132 infeslae,
936 3042 1120 3139 Aponium

37 3181 40 3201 ¹
141 3158 379 3250 Saturninum,
404 3158 543 3233 Moefici
568 3160 740 3234 exercitlls
768 3163 938 3260 legatum,
962 3163 1005 3235 eb
1032 3183 1122 3237 atro·
1184 3176 1189 3187 ’

142 3278 216 3352 eius
232 3278 502 3378 adgrediuntur,
532 3279 629 3378 qubd
646 3306 732 3371 non,
760 3300 798 3353 ut
816 3282 925 3377 prius,
951 3283 1069 3357 labore
1088 3288 1123 3358 δε

141 3424 244 3497 opere
268 3396 373 3490 feffae,
403 3398 461 3473 sed
489 3399 608 3474 medio
636 3389 708 3474 diei
731 3399 943 3487 exarserant3
975 3403 1124 3502 vulgatis
1179 3394 1185 3402 “

141 3517 306 3615 epistolis,
337 3545 422 3618 quas
450 3520 652 3595 Saturninus
679 3520 724 3593 ad
751 3519 935 3593 Vitellium
960 3517 1123 3619 scripsisse

143 3638 357 3712 credebatur.
407 3641 461 3712 Ut
479 3640 564 3713 olim
584 3640 720 3713 virtutis
747 3640 1012 3739 modestiaque,
1039 3662 1121 3714 tunc

144 3756 363 3854 procacitatis
380 3764 414 3836 δι
433 3759 633 3859 petulantia
646 3780 823 3836 certamen
840 3781 926 3856 erat,
946 3787 990 3835 ne
1006 3760 1121 3836 minus
