2844 4704
292 362 359 435 170
456 342 538 418 ,C.
580 340 848 414 Connasrr
889 342 1090 416 Tncrrt

280 536 375 612 gato,
402 516 582 589 Patavium
596 519 723 590 alacres
739 516 907 591 veniunt:
935 515 983 592 ibi
1002 516 1103 614 pauci
1125 516 1199 590 dies
1215 519 1260 591 ad

280 636 434 733 requiem
462 634 612 735 sumpti:
650 642 683 710 δε
709 638 890 712 Minucius
913 638 1045 733 justus,
1077 634 1258 735 praescetus

278 757 466 830 castrorum
481 758 626 856 legionis
643 758 810 855 septimae,
841 760 922 858 quia
935 758 1132 849 adductius,
1152 760 1259 857 quiam

278 878 372 951 civili
400 880 505 968 bello,
533 878 767 974 imperitabat,
793 879 981 952 subtractus
1009 859 1165 952 militurn⁸
1184 881 1257 969 irae,

203 1059 206 1076 ,
280 1001 325 1072 ad
354 997 601 1095 Vespasianum
626 998 742 1070 mifl'us
774 999 831 1070 est.
882 1000 1078 1106 Dessderata
1102 1000 1164 1072 diu
1193 1025 1258 1090 res,
1342 1002 1346 1014 '

163 1173 166 1182 ,
277 1119 557 1214 interpretatione
586 1117 720 1214 gloriae,
750 1119 785 1189 in
813 1116 922 1214 majus
953 1119 1135 1215 accipitur,
1166 1120 1257 1218 post·
1322 1113 1323 1120 ἵ

206 1273 207 1277 “
279 1263 388 1335 quarn
405 1245 431 1279 “
451 1240 573 1309 Galbae
589 1236 769 1334 imagines,
789 1236 956 1310 discordia
967 1258 1165 1335 temporum
1181 1240 1259 1314 sub·
1278 1311 1280 1317 ,

281 1367 308 1400 “
330 1355 453 1445 versas,
481 1356 515 1428 in
534 1357 698 1429 omnibus
715 1356 915 1454 municipiis
932 1359 1058 1431 recoli’'
1074 1357 1167 1457 juffit
1185 1365 1260 1433 An·

279 1477 416 1550 tonius:
447 1478 612 1550 decorum
628 1502 690 1574 pto
704 1480 804 1550 causa
823 1498 928 1566 ratus,
948 1470 969 1550 sr
984 1480 1119 1574 placere
1137 1484 1259 1556 Galbae

280 1598 504 1697 principatus,
532 1604 694 1697 &partes
711 1597 911 1673 revirescere
926 1601 1155 1674 crederentur.

176 1809 178 1817 J
212 1748 223 1760 ·
327 1721 423 1791 VlH.
449 1708 677 1814 Qiffisirunr
705 1719 786 1791 inde
804 1726 829 1761 “
847 1746 925 1818 quae
943 1720 1037 1793 sedes
1059 1722 1257 1822 bellolege·

172 1877 177 1881 ·
282 1847 309 1882 “
328 1862 420 1912 tetur
434 1840 474 1912 ?’'
501 1842 637 1911 Verona
655 1839 766 1936 potior
783 1839 864 1930 visa,
881 1849 908 1881 “
923 1841 1117 1938 patentibus
1129 1843 1260 1918 circum

281 1959 462 2056 “campis
489 1962 534 2033 ad
557 1979 713 2058 pugnarn
737 1961 972 2057 equestrem‚'’
999 1965 1068 2059 qua
1093 1967 1256 2060 praevale-

227 2099 228 2102 ’
279 2085 388 2155 bant:
417 2088 444 2122 “
466 2084 564 2154 simul
592 2080 763 2154 coloniam
789 2082 898 2178 copiis
926 2083 1093 2172 validam,
1124 2083 1258 2159 auferte

279 2211 308 2245 “
327 2202 479 2292 Vitellio,
504 2204 539 2274 in
551 2228 624 2275 rem
641 2201 861 2300 famamque''
880 2201 1070 2274 videbatur.
1112 2205 1259 2280 Poffeffa

277 2303 349 2424 ipso
367 2327 505 2397 transitu
532 2324 689 2397 Vicetia:
719 2324 815 2420 quod
834 2319 941 2419 perse
959 2340 1078 2418 parunt
1106 2307 1261 2418 (etenim‘

277 2446 427 2520 modicae
445 2444 641 2541 municipio
664 2444 770 2537 vires)
798 2442 917 2540 magni
943 2442 1111 2514 momenti
1136 2445 1255 2521 lotum
1310 2421 1313 2432 .

279 2567 442 2655 obtinuit,
482 2565 721 2663 reputantibus
750 2571 777 2605 “
796 2562 869 2635 illic
888 2562 1059 2635 Caecinam
1086 2574 1255 2670 genitum,

280 2694 362 2763 “&
389 2687 535 2785 patriam
567 2684 719 2768 hostium
740 2683 822 2756 duci
839 2685 1029 2780 ereptam.”
1078 2684 1119 2754 In
1146 2679 1257 2747 Vero-

277 2812 437 2883 nensibus
455 2806 606 2905 pretium
623 2802 685 2877 fuit
699 2833 723 2891 t
736 2800 901 2902 exemplo
917 2803 1123 2901 opibusque,
1142 2819 1258 2897 partes
1298 2785 1304 2794 ’

171 2934 173 2948 ’
271 2929 405 3026 juvere.
458 2931 504 3002 Et
518 2924 712 3022 interjectus
725 2925 896 2999 exercitus
913 2924 1064 2999 Raetiam
1082 2912 1257 3020 juliasque

278 3051 401 3143 Alpes,
429 3073 473 3120 ne
490 3047 648 3144 pervium
665 3046 722 3118 illa
739 3046 957 3120 Germanicis
974 3043 1180 3118 exercitibus
1201 3039 1254 3113 fo·
1358 3071 1361 3075 ’

277 3189 341 3256 ret,
369 3167 584 3264 obsepserat:
616 3193 693 3264 quae
723 3167 842 3264 ignara
858 3165 1077 3263 Vespasiano,
1107 3184 1166 3238 aut
1194 3186 1253 3234 ve·

277 3288 363 3359 rita:
396 3289 526 3386 quippe
555 3297 583 3332 “
612 3286 783 3385 Aquileia
810 3286 872 3360 sisti
902 3289 1048 3377 bellum,
1078 3283 1252 3381 exspecta·

278 3416 305 3449 “
326 3407 422 3504 tique
450 3410 682 3483 Mucianum”
704 3404 875 3505 jubebat;
909 3405 1159 3506 adjiciebatque
1186 3403 1254 3475 int-

277 3527 373 3628 perio
390 3507 583 3620 confilium,
611 3538 637 3573 “
657 3530 797 3628 quando
814 3529 1007 3627 AEgyptus,
1028 3526 1177 3600 claustra
1192 3549 1255 3597 an·

278 3662 305 3695 “
323 3675 439 3736 nonae,
458 3648 638 3745 vectigalia
650 3650 980 3749 opulentissimarum
999 3645 1254 3745 provincianini

278 3783 305 3819 “
324 3769 575 3857 obtinerentur,
610 3772 704 3866 poffe
730 3769 858 3844 Vitellii
887 3767 1078 3844 exercitum
1107 3764 1255 3865 egestate
