2844 4704
262 347 307 446 98
470 343 511 457 Ο.Ι
551 344 820 417 Conuaarr
860 336 1063 418 Tncrsr

261 520 439 596 natoribus
462 521 654 610 incensum,
695 523 783 595 dum
810 520 916 611 laces,
948 525 983 594 δε
1015 521 1173 619 glandes,
1199 530 1243 596 'ac'

259 643 415 715 miffilem
432 641 550 739 ignem
568 641 604 713 in
616 642 762 716 obsessos
772 638 997 738 jaculantur;
1025 645 1092 715 five
1109 645 1155 716 ab
1172 644 1238 716 ob-

258 761 359 851 sessrs,
375 763 460 834 dum
477 782 650 860 regerunt.
691 762 913 860 Municipalc
926 763 1077 862 vulgus,
1088 787 1240 860 pronum

235 975 238 978 Α
258 883 302 955 ad
314 880 532 979 suspiciones,
545 880 664 956 fraude
677 882 780 956 inlata
795 882 885 981 ignis
899 882 1063 956 alimenta
1079 882 1242 975 credidit,

257 1002 497 1100 aquibusdam
521 1001 679 1075 evicinis
704 1004 865 1094 coloniis,
891 1003 1025 1077 invidia
1042 1008 1075 1076 δι
1097 1006 1239 1078 aemu'la-

258 1123 365 1213 tione,
387 1123 485 1222 quod
502 1124 596 1196 nulla
621 1123 656 1194 in
667 1123 765 1196 Italis
781 1126 890 1197 moles
906 1143 980 1196 tam
996 1149 1108 1221 capax
1125 1123 1239 1215 soret:

258 1268 486 1341 quocumque
513 1239 590 1316 casu
619 1242 759 1333 accidit,
800 1220 888 1316 dum
915 1244 1083 1317 atrociora
1110 1262 1241 1318 metue-

257 1368 394 1464 bantur,
421 1364 543 1457 inplevi
568 1363 748 1445 habitum:
775 1364 912 1438 reddita
934 1362 1125 1455 securitate,
1153 1385 1242 1439 tam-

113 1504 114 1507 ’
146 1584 149 1590 r
258 1511 367 1583 quam
400 1485 489 1558 nihil
523 1484 662 1584 gravius
694 1483 765 1583 pati
800 1485 997 1583 potuissent,
1043 1489 1244 1559 maerebant,

257 1606 437 1696 Ceterum,
463 1608 574 1681 multo
598 1605 736 1680 suorum
762 1631 895 1698 cruore,
930 1603 1052 1704 pulsus
1075 1605 1242 1690 Caecina;

147 1748 152 1755 ’
258 1731 291 1800 ὅτ
327 1752 399 1798 nox
428 1726 586 1825 parandis
620 1727 786 1824 operibus
813 1726 1003 1825 absumpta.
1063 1724 1242 1798 Vitelliani
1296 1780 1297 1783 ,

259 1849 411 1945 pluteos,
438 1846 627 1944 cratesque,
666 1852 701 1921 ὅτ
728 1848 846 1922 vineas
869 1844 1096 1922 suffodiendis
1121 1846 1243 1938 muris,
1294 1896 1295 1900 =

257 1965 548 2066 protegendisque
571 1969 900 2067 oppugnatoribus3
930 1966 1121 2074 Othoniani
1147 1966 1248 2044 sudes

162 2188 165 2203 Ι
258 2094 292 2162 &
321 2087 504 2162 immensas
527 2088 684 2187 lapidum
713 2115 753 2163 ac
782 2089 918 2187 plumbi
949 2087 1093 2187 aerisque
1116 2089 1243 2178 moles,

258 2207 511 2307 perfringendis
539 2208 798 2308 obruendisque
837 2209 1004 2299 hostibus,
1039 2207 1292 2305 expediuntw
1394 2280 1414 2313 e

257 2331 452 2428 Utrimque
474 2331 599 2428 pudor,
618 2331 793 2429 utrimque
821 2329 943 2428 gloria,
969 2333 1003 2401 dc
1023 2327 1164 2401 diversae
1181 2352 1243 2400 ex·
1340 2377 1342 2380 -

258 2451 482 2541 hortationes,
513 2450 595 2523 hinc
624 2451 848 2549 “segionum
866 2456 899 2523 δι
925 2448 1124 2525 Germanici
1142 2464 1243 2522 exer-

165 2565 171 2579 ’
261 2577 289 2612 “
308 2571 396 2643 citlts
410 2573 557 2662 robur‚”
582 2571 663 2643 inde
682 2578 709 2613 “
728 2573 882 2643 Urbanae
901 2570 1046 2660 militiae,
1061 2574 1096 2643 &
1114 2590 1243 2669 praeto-

259 2682 435 2781 “riarum
477 2691 671 2766 cohortium
702 2691 810 2764 decus
838 2690 1112 2764 attollentiurn.''
1170 2691 1242 2781 Illi,

235 2866 238 2873 ,
261 2814 288 2852 “
307 2828 345 2917 ut
361 2808 502 2909 segnem
520 2839 559 2886 ac
577 2805 743 2901 defidem,
775 2816 808 2885 δι
834 2810 926 2885 circo
943 2838 984 2885 ac
1000 2812 1142 2886 theatris
1166 2838 1244 2886 cor·

152 2928 155 2937 ’
184 3002 191 3012 ,
236 2932 286 2974 ’“
304 2953 448 3029 ruptum
477 2933 625 3029 militem
639 2936 678 3020 ;’'
700 2932 751 3022 hi,
780 2932 1053 3031 “peregrinum
1081 2939 1245 3008 &exter-

260 3055 290 3091 “
309 3053 418 3123 num'’
446 3052 698 3150 increpabant:
731 3056 830 3127 fimul
852 3055 1048 3142 Othonem,
1071 3080 1112 3127 ac
1134 3053 1244 3126 Vitel-

259 3167 360 3260 lium,
396 3174 608 3247 celebrantes
625 3172 886 3272 culpantesque,
915 3171 1133 3248 uberioribus
1159 3171 1245 3246 inter

258 3287 292 3362 se
309 3284 456 3386 probris,
487 3293 600 3389 quim,
614 3295 774 3368 laudibus
790 3294 1063 3368 stimulabantur.
1181 3385 1190 3397 ·

308 3411 427 3483 XXII.
452 3415 532 3485 er
559 3415 646 3487 dum
662 3436 740 3488 orto
755 3415 825 3506 die,
857 3418 960 3514 plena
976 3414 1245 3514 propugnatori·

258 3533 325 3604 bus
342 3529 487 3620 moenia,
514 3532 686 3630 fulgentes
701 3537 803 3609 aunis
829 3534 977 3635 virisque
998 3535 1128 3634 campi,
1157 3536 1247 3609 den-

259 3651 340 3733 sum¹
362 3648 540 3748 legionum
562 3677 704 3750 agmen,
734 3654 845 3753 sparsa
868 3656 1081 3730 auxiliorum
1104 3682 1247 3747 manus,
1282 3746 1283 3751 ἵ

260 3773 381 3847 altiora
397 3797 578 3846 murorum
594 3772 737 3872 sagittis.
753 3797 813 3849 aut
833 3775 921 3851 saxis
937 3776 1103 3852 incessere
1117 3807 1132 3865 ;
1159 3801 1250 3876 neg-
