2806 4694
346 336 756 408 Histonrnnou
790 338 899 411 L‘ts.
930 336 958 410 Ι.
1109 360 1150 440 17

173 515 203 552 “
222 532 362 608 rumpet
379 512 547 601 adulatio,
578 512 788 603 blanditia,
801 517 982 612 pessimum
1004 514 1077 587 'veri
1100 515 1152 589 af·

171 637 200 672 “
218 629 328 704 setius
363 658 551 723 venenum,
583 632 641 706 sua
675 634 802 731 cuique
829 635 965 707 utilitas.
1034 624 1151 707 Etiam
1220 669 1225 672 ·

172 758 200 792 “
218 776 300 850 eg0,
320 780 359 827 ac
386 775 437 844 tu,
467 754 708 851 simpliciffime
725 756 814 828 inter
832 781 894 827 nos
908 755 1015 828 hodie
1037 754 1150 851 loqui-

172 879 200 913 “
220 899 315 946 mur:
342 875 464 965 ceteri,
478 876 639 948 libentibs
652 901 735 948 cum
748 873 885 949 fortunii
899 874 1025 965 nostrai,
1040 875 1148 971 quim

171 1000 198 1034 “
217 994 409 1068 nobiscum.
459 998 555 1069 Nam
584 996 723 1069 suadere
744 994 915 1092 Principi‚
930 995 1025 1091 quod
1045 1020 1148 1092 opor·
1236 1055 1237 1058 ,

169 1120 196 1155 “
215 1133 296 1205 teat,
324 1116 428 1189 multi
456 1117 607 1190 laboris:
643 1117 820 1188 assentatio
843 1140 923 1214 erga
948 1115 1147 1212 Principem

168 1240 197 1277 “
217 1262 497 1334 quemeumque,
525 1240 592 1309 fine
616 1236 739 1308 affeetu
766 1235 979 1333 peragitur.’'

215 1359 318 1429 XVI.
345 1358 430 1434 “„Sr
449 1355 657 1429 immensum
673 1337 808 1452 imperii
825 1380 951 1452 corpus
967 1356 1065 1447 stare,
1105 1381 1145 1433 ac

168 1483 199 1518 “
219 1475 347 1563 librari,
368 1479 436 1547 stne
452 1478 584 1548 restore
599 1477 722 1573 poffet,
742 1475 871 1575 dignus
887 1502 1000 1566 eram,
1025 1504 1047 1550 a
1074 1505 1147 1576 quo

135 1670 140 1678 ,
166 1603 195 1636 “
214 1595 400 1692 respublica
416 1595 591 1693 inciperet.
641 1598 751 1671 Nunc
769 1596 811 1669 eb
828 1597 1030 1670 necessitatis
1050 1596 1143 1695 jam·

166 1725 193 1759 “
213 1717 350 1814 pridem
366 1737 512 1790 ventum
530 1717 591 1805 est,
621 1738 661 1790 ut
687 1743 751 1790 nec
777 1743 855 1791 mea
882 1718 1036 1792 senedus
1060 1744 1144 1792 con·

165 1846 192 1880 “
212 1837 299 1909 ferre
316 1839 393 1934 plus
410 1839 542 1935 populo
565 1841 731 1912 Romano
753 1842 865 1936 possit,
885 1840 993 1936 quiam
1009 1841 1143 1914 bonum

165 1964 194 2000 “
214 1957 460 2043 succellorem3
490 1983 556 2032 nec
583 1977 643 2031 tua
671 1961 748 2056 plus
770 1956 931 2056 juventa,
949 1962 1057 2058 quam
1075 1964 1141 2035 bo-

164 2085 296 2152 “num
327 2077 549 2177 Principem.v
601 2081 674 2153 Sub
695 2080 863 2171 Tiberin,
899 2085 932 2154 &
967 2080 1069 2172 Caio,
1107 2087 1141 2155 ὅτ

163 2204 192 2242 “
209 2199 371 2290 claudie,
392 2179 496 2274 unius
513 2198 656 2273 familia
679 2204 771 2296 quasi
795 2198 965 2275 hereditas
987 2201 1138 2275 fuimus:
1182 2192 1184 2197 ’

162 2325 190 2360 “
209 2321 287 2393 loco
313 2320 480 2394 libertatis
509 2319 586 2411 erit,
622 2320 718 2417 quod
746 2319 828 2417 eligi
856 2321 1040 2419 coepimus.
1094 2324 1141 2394 Et

164 2445 192 2481 “
211 2439 307 2514 finiti
320 2440 498 2536 Juliorum
516 2440 815 2538 Claudiorumque
830 2441 953 2531 domo,
967 2439 1142 2540 optimum

163 2568 190 2602 “
209 2587 386 2660 quemque
401 2561 548 2665 adoptio
564 2560 729 2635 inveniet.
780 2563 876 2636 Na'm
904 2561 1075 2661 generari,
1105 2566 1145 2636 ὃς

159 2688 187 2724 “
207 2680 297 2755 nasei
323 2709 345 2754 a
373 2682 607 2787 Principibus,
639 2680 836 2773 fortuitum,
865 2708 930 2756 nec
948 2684 1036 2756 ultra
1053 2681 1140 2758 aesti-

163 2807 191 2843 “
210 2821 349 2887 matur3
378 2803 566 2900 adoptandi
591 2801 766 2900 judicium
799 2803 999 2899 integrum;
1039 2807 1086 2892 δι,
1116 2807 1140 2875 st

160 2917 298 2991 “velis
331 2920 471 3019 eligere,
505 2922 665 2997 consensu
699 2923 917 2995 monstratur.
980 2922 1030 2997 Sit
1059 2943 1139 2997 ante

158 3034 189 3081 “
207 3040 329 3131 oculos
346 3041 456 3132 Nero,
487 3067 606 3139 quem,
635 3028 742 3140 longa
765 3039 944 3129 Caesarum¹
969 3041 1054 3114 serie
1082 3062 1136 3116 tu-

159 3165 188 3202 “
206 3181 376 3252 mentem,
404 3186 475 3235 non
501 3162 655 3253 Vindex,
686 3189 769 3236 cum
798 3160 923 3235 inermi
939 3158 1137 3258 provincial,

159 3286 189 3359 “.
205 3301 265 3352 aut
280 3306 361 3379 ego,
385 3307 467 3356 cum
485 3286 555 3356 und
573 3282 726 3382 legione,
756 3281 814 3355 sed
840 3279 897 3354 sua
924 3280 1135 3372 immanitas,

158 3397 263 3471 “sua
278 3400 413 3474 luxuria
429 3402 624 3477 cervicibus
642 3401 792 3499 publicis
808 3404 993 3499 depulere:
1023 3427 1136 3500 neque

158 3524 187 3560 “
204 3540 275 3594 erat
292 3521 407 3594 adhuc
429 3522 586 3596 damnati
602 3521 773 3619 Principis
790 3524 1006 3621 exemplum.
1058 3525 1136 3596 Nos

158 3646 185 3681 “
206 3640 311 3729 bello,
331 3645 365 3715 &
384 3644 429 3715 ab
446 3641 695 3756 aestimantibus
719 3641 856 3732 adsciti,
882 3669 964 3716 eum
993 3642 1135 3732 invidit,
1235 3717 1240 3721 ,

154 3760 185 3851 ..“
205 3761 367 3857 quamvis
396 3762 543 3863 egregii,
573 3761 711 3837 erimus.
768 3764 826 3836 Ne
854 3783 971 3836 tamen
999 3763 1133 3836 territus
