2820 4694
376 367 780 442 Hrsronrnnon
816 362 1018 438 L‘rnIV.
1118 367 1185 442 261

199 534 306 636 julfit.
370 539 417 611 Et
448 540 535 613 dum
569 542 651 615 mali
687 564 826 640 pavent,
861 538 1014 637 optimus
1044 538 1188 638 quisque

197 657 294 757 juffis
322 662 474 757 paruere.
538 661 634 734 Exin
666 660 829 735 consensu
864 667 892 703 “
908 660 1040 763 ducem⁷
1070 661 1188 732 Vocu-

204 786 232 823 “
251 782 347 853 lam”
372 778 617 879 poscentibus,
636 783 783 856 Flaccus
814 779 987 855 summam
1012 802 1127 852 rerum
1155 775 1188 851 ei
1259 805 1262 807 ·

205 900 370 999 permisit.

208 1071 224 1090 .
254 1024 392 1096 XXVI.
434 1027 510 1096 Seu
552 1021 724 1109 discordas
755 1022 890 1096 animos
923 1023 1033 1096 multa
1064 1021 1185 1094 effera·
1283 1024 1285 1028 ’

204 1144 315 1217 bant:
344 1143 463 1241 inopia
486 1143 646 1241 stipendii
668 1143 919 1241 frumentique,
945 1147 979 1215 δι
1004 1144 1103 1215 fimul
1127 1142 1188 1216 de·

205 1264 336 1336 ledum
348 1263 545 1364 tributaque
561 1264 684 1337 Galliae
701 1262 934 1361 aspernantes:
958 1265 1118 1352 Rhenus,
1136 1263 1189 1334 in·

206 1384 351 1482 cognita
384 1384 431 1457 illi
459 1386 545 1458 caelo
571 1384 733 1474 siccitate,
764 1384 826 1457 vix
855 1383 999 1458 navium
1028 1383 1192 1480 patiens:

204 1503 290 1578 arcti
307 1524 547 1579 commeatus:
567 1504 734 1602 dispofitae
753 1530 976 1602 peromnem
993 1503 1106 1601 ripam
1122 1503 1189 1576 sta-

122 1664 128 1677 ·
204 1625 331 1717 tiones,
356 1651 435 1725 quae
460 1629 656 1724 Germanos
678 1627 770 1727 vado
792 1645 969 1699 arcerent:
996 1625 1190 1722 eademque

202 1748 249 1821 de
272 1751 376 1822 causa
398 1747 514 1823 minus
530 1745 688 1845 frugum,
710 1751 744 1819 ὃι
767 1748 897 1844 plures,
921 1746 982 1845 qui
1009 1744 1189 1820 consume·

203 1889 294 1941 rent.
345 1868 457 1964 Apud
480 1864 661 1963 imperitos
679 1867 831 1966 prodigii
854 1870 935 1941 loco
951 1867 1189 1966 accipiebatur

201 1985 274 2086 ipsa
286 1996 455 2085 aquarum
469 1987 624 2086 penuria,
633 2010 813 2086 tamquam
829 2014 890 2063 nos
902 2013 1020 2063 amnes
1031 2014 1189 2087 quoque,

203 2112 237 2183 δι
254 2129 369 2183 vetera
386 2108 524 2208 imperii
541 2110 774 2199 munimenta,
793 2108 986 2192 desererent
1003 2138 1012 2183 r
1039 2111 1136 2207 quod
1152 2108 1189 2181 in

201 2255 301 2330 pace,
322 2238 349 2275 “
367 2231 479 2321 fors,”
502 2230 605 2304 seu·“
624 2251 745 2304 natura
757 2232 794 2316 ;”
811 2249 895 2303 tunc
925 2237 952 2271 “
966 2229 1124 2305 fatum&
1142 2216 1191 2304 ira

201 2358 232 2396 “
248 2349 346 2443 dei,’'
375 2352 573 2425 vocabatur.
623 2353 782 2450 Ingressis
798 2352 1005 2440 Novesrum,
1030 2349 1189 2423 sextade-

195 2470 298 2554 cima
322 2470 416 2569 legio
432 2460 669 2573 conjungitur.
721 2471 1039 2547 AdditusVoculae
1058 2471 1093 2543 in
1111 2496 1187 2568 par-

202 2610 273 2665 tem
294 2617 455 2667 curarum
473 2593 674 2669 Herennius
687 2596 824 2685 Gallus,
843 2593 1001 2691 legatus:
1034 2617 1098 2664 nec
1116 2594 1185 2664 ausi

196 2710 247 2784 >ad
263 2711 396 2784 hostem
414 2738 569 2812 pergere,
592 2716 686 2804 loco,
704 2715 761 2788 cui
779 2715 944 2788 Gelduba
967 2737 1097 2785 nomen
1116 2711 1180 2803 est,

202 2829 440 2905 castrafecere.
482 2833 536 2907 Ibi
563 2834 721 2907 struendl
736 2835 822 2926 acie,
842 2834 1034 2908 muniendo
1052 2833 1186 2910 vallan-

202 2933 335 3049 doque,
367 2954 401 3023 &
418 2950 540 3026 ceteris
564 2953 646 3027 belli
669 2946 925 3028 meditamentis
953 2955 1100 3037 militem
1130 2948 1188 3027 fio

202 3074 356 3147 mabant.
405 3073 528 3171 thue
549 3074 668 3172 praeda
684 3058 734 3148 ad
747 3074 913 3149 virtutem
929 3078 1187 3165 accenderetur,

200 3192 238 3272 in
267 3191 453 3291 proximos·
476 3194 725 3293 Gugemomm
753 3221 877 3295 pagos,
907 3195 968 3293 qui
989 3195 1188 3271 societatem
1247 3216 1249 3223 ’

200 3313 323 3388 Civilis
337 3334 554 3412 acceperant,
568 3315 867 3389 duetusavocula
880 3315 1061 3390 exercitus.
1103 3319 1188 3391 Pars

201 3460 285 3509 cum
306 3435 491 3510 Herennio
506 3436 612 3509 Gallo
630 3438 824 3533 permansit.

192 3564 198 3576 '
250 3556 408 3630 XXVII.
445 3556 580 3630 Fonre
601 3571 751 3646 navem,
780 3556 875 3629 haud
905 3562 1026 3655 procul
1056 3558 1183 3648 castris,

193 3673 378 3750 Immerito
406 3703 566 3777 gravem,
592 3677 675 3752 cum
703 3678 879 3774 pervade
907 3680 1061 3770 haefiffet,
1098 3680 1185 3749 Ger-

196 3795 300 3873 mani
326 3797 362 3873 in
387 3795 485 3875 suam
506 3798 618 3902 ripam
648 3799 840 3876 trahebant.
890 3801 976 3877 Non
998 3797 1076 3874 tulit
1101 3796 1185 3875 Gal·

656 3921 725 4021 83
