2820 4694
318 337 711 413 Hrsronrnrtrrm
744 334 950 409 L1r.1v.
1055 335 1128 433 269

149 535 214 589 nec
232 511 396 610 proeliom
413 538 487 586 nox
503 511 694 587 dirimeret.
743 512 911 585 Cohortes
930 508 1139 600 Geldubam

150 635 343 732 perrexere,
375 632 612 723 manentibus,
642 648 683 705 ut
714 629 860 720 fuerant,
889 629 1021 718 castris,
1053 654 1133 725 quae

149 753 347 856 relidorum
364 752 434 827 illic
448 753 600 827 militum
614 751 770 850 praesrdio
786 753 1004 829 tenebantur.
1047 751 1134 837 Non

148 896 220 958 erat
234 873 400 962 dubium,
424 893 595 971 quantum
612 873 650 945 in
666 874 816 969 regressu
833 869 1038 945 discriminis
1070 871 1133 943 ad·

150 994 307 1067 eundum
335 993 436 1082 soret,
466 991 773 1092 frumentatoribus
799 991 930 1066 onustis
958 988 1134 1090 perculsis-

153 1139 233 1212 que.
284 1113 398 1188 Addit
424 1114 588 1188 exercitui
614 1114 675 1187 suo
694 1114 829 1188 Vocula
847 1113 942 1187 mille
967 1113 1135 1202 deledos,

153 1261 173 1307 e
190 1234 314 1332 quintal
344 1241 378 1308 dc
397 1234 654 1333 quintadecima
680 1233 878 1332 legionibus
900 1232 994 1330 apud
1011 1234 1137 1305 Vetera
1226 1256 1228 1259 ·

153 1352 304 1443 obseffis,
339 1354 551 1429 indomitum
581 1354 743 1445 militem,
780 1359 814 1428 dc
848 1354 997 1428 ducibus
1026 1352 1138 1439 insen·

87 1494 92 1500 ’
155 1474 245 1549 sum.
294 1477 428 1565 Plures,
457 1476 565 1573 quam
583 1474 714 1574 jussum
730 1496 816 1567 erat,
835 1473 995 1574 prosedi,
1021 1476 1139 1572 palam

155 1595 193 1669 in
217 1594 357 1694 agmine
374 1594 580 1686 fremebant,
605 1604 632 1639 “
651 1622 723 1669 non
747 1594 780 1669 se
799 1596 888 1670 ultra
908 1594 1053 1685 samem,
1074 1595 1138 1679 ¹in-

156 1722 185 1759 “
203 1717 300 1791 srdias
318 1718 513 1816 legatorum
529 1718 769 1790 toleraturos.’'
819 1708 884 1808 Ar,
915 1717 975 1815 qui
1002 1742 1138 1792 reman-
1250 1796 1251 1799 Ἴ

154 1837 277 1928 serant,
304 1836 497 1912 “desertos
524 1837 572 1928 se,
611 1839 760 1913 abdusld
790 1857 887 1935 parte
918 1837 1140 1937 legionum,'’
1182 1923 1188 1941 ι

157 1960 403 2055 querebantur.
452 1961 598 2056 Duplex
615 1957 697 2032 hinc
715 1946 849 2049 seditio,
879 1958 954 2032 aliis
970 1985 1139 2036 revocan-

155 2078 248 2153 tibus
265 2081 452 2170 Voculam,
479 2080 552 2154 aliis
570 2081 683 2155 redire
700 2080 737 2152 in
752 2080 860 2153 castra
876 2080 1124 2155 abnuentibus.

204 2200 380 2274 XXXVI.
406 2203 587 2285 larnaria
615 2198 737 2271 Civilis
760 2202 885 2272 Vetera
906 2200 1139 2273 circumsedit.

156 2318 293 2394 Vocula
308 2321 525 2408 Geldubam,
550 2340 661 2416 atque
678 2318 761 2392 inde
780 2320 973 2392 Novesrum
998 2319 1141 2392 conces·
1217 2387 1220 2392 ,
1294 2377 1300 2385 .

155 2443 208 2513 fit.
256 2439 379 2513 Civilis
395 2438 488 2538 capit
505 2440 718 2515 Geldubam.
767 2442 876 2529 Mox,
904 2440 997 2512 haud
1017 2440 1142 2538 procul

104 2640 106 2643 y
156 2560 324 2651 Novesro,
353 2559 500 2658 equestri
528 2562 652 2660 proelio
681 2560 841 2661 prosper&
870 2560 1022 2635 certavit.
1073 2560 1142 2634 Sed

156 2676 272 2766 miles,
308 2678 464 2756 secundis
496 2682 722 2783 adversisque,
759 2682 902 2781 perinde
930 2682 968 2755 in
993 2679 1143 2755 exitium

156 2799 290 2871 ducum
320 2801 582 2876 accendebatur.
618 2806 681 2875 sEt
709 2805 862 2878 adventu
888 2801 1142 2901 quintanorum

159 2917 619 3021 quintadecimanorumque
647 2926 757 3009 auda
784 2925 953 3024 legiones,
985 2931 1013 2966 “
1031 2924 1141 2997 dona-

159 3047 187 3084 “
205 3039 343 3113 tivum''
360 3040 564 3139 exposcunt,
596 3065 779 3142 comperto
792 3046 979 3142 pecuniam
995 3070 1016 3117 a
1030 3043 1141 3118 Vitel-

156 3159 208 3234 lio
232 3159 381 3247 missam.
432 3163 509 3235 Nec
534 3162 594 3237 diu
609 3166 789 3239 condatur
806 3164 1047 3257 Hordeonius,
1074 3193 1138 3241 no·

156 3281 253 3356 mine
269 3279 462 3379 Vespasiani
478 3283 584 3357 dedit.
634 3286 746 3382 ldque
764 3285 980 3383 praecipuum
999 3282 1065 3360 suit
1087 3289 1138 3363 se·

55 3504 58 3511 ι
157 3401 298 3476 ditionis
323 3401 540 3475 alimentum.
592 3406 700 3477 Effusi
730 3405 764 3478 in
794 3406 920 3490 luxum
949 3411 1137 3507 &epulas,

159 3525 194 3595 dr
212 3525 399 3596 nodurnos
416 3543 542 3613 coetus,
570 3542 725 3600 veterem
743 3524 778 3598 in
792 3527 1039 3604 Hordeonium
1054 3530 1141 3604 iram

160 3664 344 3718 renovant:
373 3670 437 3718 nec
454 3646 527 3718 ullo
544 3647 752 3744 legatorum,
787 3647 1051 3725 tribunorumve
1073 3653 1137 3721 ob·

160 3760 269 3838 sistere
285 3763 365 3840 auso
390 3764 543 3865 (quippe
558 3791 704 3841 omnem
719 3769 892 3866 pudorem
909 3797 982 3846 nox
999 3770 1138 3842 ademe-
