2806 4694
354 353 765 442 Hrsronranunt
799 354 908 426 L1n.
939 304 990 426 Π.
1124 360 1169 456 87
1208 360 1213 365 ’

184 549 290 627 atque
318 548 389 602 arte
417 529 626 628 c'ompofitus
653 529 843 604 alliciendis
879 520 984 602 etiarn
1011 528 1174 604 Muciani

185 649 352 724 moribus.
394 650 545 724 Tribuni
562 649 860 747 centurionesque,
878 653 912 723 δι
930 651 1058 747 vulgus
1076 649 1170 732 mili-

185 788 276 859 tum,
305 770 488 860 industris,
513 771 664 860 licentis,
691 796 753 867 per
771 769 928 859 virtutes,
956 794 1017 866 per
1042 771 1169 867 volup·

179 908 285 996 tates,
312 912 352 963 ut
370 890 496 989 cuique
513 891 709 990 ingenium,
738 878 1020 965 adsciscebantur.
1089 960 1090 964 ,

231 1012 293 1083 Vl.
319 1015 556 1099 AnrthnM
574 1013 676 1084 Titus
690 1013 904 1101 adventaret,
918 1011 1169 1085 sacramentum

183 1129 335 1203 Othonis
351 1113 530 1230 acceperat
545 1153 691 1229 uterque
708 1133 891 1220 exercitus,
918 1131 1168 1228 praecipitibus,

184 1271 224 1322 ut
242 1253 375 1341 affolet,
403 1252 543 1341 nuntiis,
562 1251 705 1325 &tardal
721 1254 814 1324 mole
830 1252 939 1325 civilis
955 1252 1051 1341 belli,
1071 1254 1170 1350 quod

186 1371 294 1468 long&
310 1373 496 1445 concordii
513 1371 647 1470 quietus
664 1372 802 1462 Oriens,
826 1392 911 1445 tunc
934 1370 1089 1469 primitm
1107 1397 1169 1468 pa·

186 1493 293 1564 rabat.
344 1495 510 1590 Namque
535 1492 622 1567 olim
640 1492 845 1565 validiffima
865 1492 954 1565 inter
979 1491 1013 1565 se
1036 1491 1168 1567 civium

113 1708 115 1711 7
184 1637 293 1702 arma,
312 1612 349 1685 in
363 1613 473 1703 ltalia,
492 1614 665 1702 Galliave,
684 1615 813 1686 viribus
825 1611 1028 1687 Occidentis
1041 1632 1168 1710 coepta.

184 1735 230 1806 Et
247 1733 430 1829 Pompeio,
457 1735 582 1825 Caffio,
602 1737 721 1825 Brut0,
746 1732 918 1821 Antonio,
939 1758 1026 1829 quos
1044 1756 1168 1805 omnes

181 1873 384 1926 transmare
406 1852 562 1928 secutum
588 1855 636 1928 est
662 1855 763 1928 civile
791 1846 937 1943 bellum,
966 1854 1060 1926 haud
1086 1879 1167 1951 pto-

182 1971 270 2070 speri
297 1973 410 2079 esitus
437 1973 584 2048 fuerant.
635 1973 830 2072 Auditique
856 1973 979 2071 saepius
1007 1974 1043 2047 in
1071 1973 1168 2070 Syri&

181 2095 374 2191 judaedque
389 2093 553 2187 Caesares,
581 2097 688 2193 quom
708 2093 860 2191 inspesli.
912 2097 1023 2168 Nulla
1045 2092 1166 2168 seditio

180 2215 386 2313 legionum:
419 2217 558 2291 tantum
581 2217 743 2289 adversus
760 2217 906 2289 Parthos
922 2216 1041 2304 mind,
1070 2215 1167 2289 vario

179 2352 319 2411 eventu.
364 2339 411 2410 Et
428 2336 590 2435 proximo
602 2335 695 2408 civili
708 2337 814 2426 bello,
838 2334 983 2408 turbatis
1000 2334 1088 2425 aliis,
1112 2335 1166 2408 in·

180 2461 340 2532 conculsa
355 2456 407 2531 ibi
425 2482 519 2554 pax:
548 2456 632 2529 dein
650 2457 736 2528 fides
753 2481 837 2554 erga
854 2455 1017 2529 Galbam.
1052 2456 1162 2547 Mox,

178 2599 218 2650 ut
234 2586 261 2621 “
278 2581 457 2652 Othonem
475 2603 516 2651 ac
531 2576 712 2649 Vitellium
728 2575 874 2650 scelestis
898 2575 1002 2650 armis
1020 2601 1071 2649 tes
1089 2580 1164 2651 Ro·
1191 2606 1197 2616 ’

184 2704 210 2738 “
229 2724 345 2771 manas
358 2721 496 2796 raptum
510 2698 602 2788 ire,''
619 2681 937 2794 vulgatum‘est,ne
956 2723 1059 2794 penes
1072 2720 1163 2772 cete·

182 2842 239 2890 ros
268 2817 404 2913 imperii
427 2817 578 2914 praemia,
618 2843 724 2916 penes
754 2816 844 2915 ipsos
871 2819 1008 2890 tantum
1037 2816 1163 2892 servitii

180 2940 355 3011 neceffitas
378 2938 474 3028 effet,
504 2935 647 3010 fremere
672 2936 785 3026 miles,
815 2943 849 3009 ἃ
880 2936 970 3011 vires
995 2936 1068 3012 suas
1095 2938 1186 3012 cir-³

179 3055 404 3153 cumspicere.
452 3058 589 3154 Septem
615 3056 769 3154 legiones
790 3056 916 3146 statim,
941 3060 975 3129 δι
1001 3084 1083 3131 cum
1107 3058 1163 3131 in·

179 3178 340 3277 gentibus
367 3177 502 3252 auxiliis
527 3178 623 3274 Syria
650 3179 867 3275 Judaeaque:
897 3179 978 3260 inde
999 3180 1163 3254 continua
1202 3178 1218 3183 “

177 3300 370 3397 AEgyptus,
412 3300 563 3396 duaeque
598 3297 781 3395 legiones:
820 3298 901 3371 hinc
932 3289 1165 3400 ‘Cappadocia'

178 3419 388 3517 Pontusque,
416 3418 640 3517 &quidquid
663 3418 853 3492 castrorum
873 3419 1049 3493 Armeniis
1072 3449 1159 3519 prae·
1187 3447 1189 3456 ¹

176 3539 341 3613 tenditur.
392 3544 486 3631 Alia,
507 3545 540 3612 ἃ
556 3561 684 3613 εεῑετω
696 3538 898 3639 provinciae,
924 3564 988 3614 nec
1002 3538 1160 3616 virorum

95 3682 97 3692 ’
176 3657 313 3758 inopes,
332 3664 366 3733 δι
386 3659 541 3759 pecuniae
557 3660 757 3756 opulentae:
786 3679 957 3756 quantum
973 3659 1160 3734 insularum
1261 3720 1264 3723 .

574 3840 579 3848 .
663 3778 746 3869 G4
