2766 4658
297 370 542 444 D1nnoous
570 386 634 437 oe
667 356 986 438 Onnronmua
1080 386 1122 459 13

159 548 252 647 cipes
264 545 343 638 sori,
362 575 452 622 nunc
465 547 634 645 principes
650 547 684 619 in
696 547 834 620 Caesaris
851 543 999 618 amicitil
1016 566 1126 642 agunt
1157 527 1161 534 ³

158 666 337 766 feruntque
366 671 501 757 cuneta,
530 689 634 764 atque
673 661 718 740 ab
751 664 822 762 ipso
853 663 1012 758 Principe
1044 689 1127 738 cum

159 790 311 885 qualdam
328 788 512 860 reverentias
533 787 738 884 diliguntur.
787 782 1125 881 QiaVespasranus,

160 907 361 981 venerabilis
386 906 503 995 senex,
532 903 843 1001 &patientissimus
858 901 943 990 veri,
972 905 1059 976 bene
1075 902 1128 974 in-

161 1026 301 1124 telligit,
332 1048 462 1099 ceteros
484 1026 625 1123 quidem
649 1024 779 1097 amicos
795 1021 870 1096 suos
891 1021 952 1094 niti
969 1022 1022 1112 iis,
1052 1049 1129 1120 quae

113 1186 115 1191 ·
161 1150 206 1219 ab
223 1146 296 1242 ipso
313 1145 518 1242 acceperint,
544 1171 691 1244 quaeque
708 1144 766 1241 ips1
784 1144 1015 1233 accumulare,
1043 1144 1130 1217 &in

159 1265 244 1338 alios
261 1291 448 1364 congerere
461 1286 662 1361 promptum
680 1264 752 1336 est:
786 1264 995 1337 Marcellum
1013 1284 1130 1336 autem

162 1389 195 1458 ἃ
214 1382 388 1482 Crispum,
406 1385 552 1458 attulisse
563 1386 606 1456 ad
618 1383 804 1457 amicitiam
819 1382 926 1472 suani,
946 1387 1042 1480 quod
1060 1409 1130 1456 non

160 1530 182 1578 a
198 1504 360 1602 Principe
375 1504 579 1600 acceperint,
598 1528 662 1575 nec
674 1501 782 1598 accipi
798 1504 906 1599 possit.
939 1502 1133 1576 Minimum

52 1608 58 1628 ¹
149 1623 251 1726 ¹inte'r
279 1645 330 1696 tot
361 1651 401 1698 ac
428 1645 520 1696 tanta
548 1626 665 1698 locum
695 1621 852 1697 obtinent
880 1620 1060 1719 imagines,
1087 1649 1129 1696 ac
1238 1640 1241 1643 ‘

164 1743 270 1833 tituli,
295 1751 328 1818 δι
347 1745 478 1834 statuae,
500 1768 579 1840 quae
597 1767 709 1838 neque
726 1739 795 1837 ipsa
810 1761 927 1815 tamen
948 1742 1130 1840 negligun-

163 1882 245 1936 tut:
274 1884 344 1937 tam
374 1865 525 1953 hercule,
554 1864 661 1960 quim
690 1860 833 1951 divitiae,
867 1869 900 1935 lle
922 1889 1018 1960 opes,
1046 1888 1132 1961 quas

160 1981 290 2057 facilius
317 1983 481 2076 invenies,
523 1983 583 2082 qui
608 1982 788 2077 vituperet,
819 1983 925 2079 quim
950 1983 1010 2079 qui
1037 1982 1128 2058 sasti-

160 2103 252 2175 diat.·
292 2104 361 2176 His
376 2103 531 2202 igitur&
557 2101 759 2191 honoribus,
787 2106 819 2173 &
847 2104 1068 2192 ornamentis,
1094 2103 1132 2175 &

160 2222 393 2313 facultatibus,
419 2221 556 2296 refertas
581 2224 706 2295 domos
733 2246 853 2293 eorum
872 2221 1042 2309 videmus,
1070 2222 1132 2319 qui

161 2342 193 2415 se
210 2346 254 2415 ab
271 2342 410 2414 ineunte
425 2340 652 2415 adolescenti&
669 2324 775 2415 cattsrs
797 2339 983 2413 forensibus
1004 2341 1040 2411 &
1056 2366 1130 2414 ora·

163 2460 253 2534 torio
269 2461 383 2533 studio
400 2462 580 2534 dederunt.

212 2583 278 2654 IX.
304 2575 403 2653 ΝΛΜ
422 2580 574 2653 carmina
595 2582 631 2652 &
648 2580 776 2670 versus,
800 2578 927 2677 quibus
951 2600 1061 2653 totam
1079 2583 1130 2654 vi·

162 2720 233 2774 tam
251 2703 429 2773 Maternus
455 2700 622 2774 insumere
648 2722 743 2797 optat
768 2700 867 2796 (inde
895 2700 988 2773 enim
1015 2703 1144 2775 omnis

163 2817 267 2898 fluxit
284 2818 407 2911 oratio)
438 2845 551 2917 neque
564 2815 778 2917 ‘dignitatem
804 2823 908 2894 ullam
936 2822 1132 2897 auctoribus

163 2937 230 3013 suis
247 2938 443 3028 conciliant,
468 2964 582 3037 neque
594 2940 752 3014 utilitates
768 2943 887 3014 alunt:
918 2943 1132 3039 voluptatem

163 3079 278 3133 autem
307 3061 461 3148 brevem,
491 3061 628 3132 laudem
656 3059 793 3134 inanem
820 3060 858 3132 ὃς
889 3058 1134 3136 ἰῃῐτυᾶυοῖαω

165 3176 429 3277 consequuntur.
478 3178 580 3252 Licet
608 3181 681 3253 haec
716 3178 798 3277 ipsa,
834 3184 867 3252 δι
896 3206 974 3275 quae
1008 3182 1134 3256 deinde

164 3299 318 3373 dicionis
345 3296 434 3387 sum,
472 3324 569 3372 aures
592 3317 676 3389 tue,
709 3324 732 3370 o
758 3301 934 3389 Materne,
963 3299 1132 3397 respuant,

81 3506 83 3509 .
163 3419 220 3493 cui
238 3422 332 3491 bono
349 3417 409 3509 est,
436 3421 458 3489 sr
484 3418 576 3514 apud
601 3438 635 3490 te
658 3421 920 3515 Agamemnon,
948 3440 1006 3492 aut
1029 3420 1134 3517 Jason
1184 3461 1189 3466 ·

164 3537 283 3612 diserte
310 3538 489 3636 loquitur?
522 3535 598 3633 quis
622 3535 700 3608 ideo
728 3538 874 3610 domum
896 3534 1065 3628 defensus,
1099 3546 1133 3614 δι

165 3655 228 3732 tibi
247 3658 419 3755 obligatus
436 3655 552 3732 redit?
579 3655 667 3753 Quis
682 3656 828 3730 Saleium
846 3658 1011 3746 nostrum,
1035 3684 1134 3755 egre-

167 3775 265 3889 gium
282 3784 437 3877 po'e'tam,
455 3780 525 3869 vel,
545 3780 567 3851 sr
584 3778 649 3853 hoc
666 3777 947 3857 honorificentius
964 3778 1024 3870 est,
1045 3804 1134 3882 prae.
