2820 4694
259 350 331 426 280
466 349 507 423 C.
547 327 814 425 Conur'urr
854 348 1060 425 Tncrrr

196 516 198 518 ’
259 524 347 598 duos
370 527 615 600 beneficiorum
643 533 818 618 numerus,
855 531 889 601 δι
916 507 1034 600 miritis
1062 518 1242 623 utriusque

261 645 444 737 mandatis,
471 645 638 720 discordia
653 652 792 744 quaesua
825 650 997 746 audiaque
1023 671 1132 744 pravo
1160 672 1235 720 cer·

259 767 399 838 tamine.
448 769 661 864 Legatorum
670 766 729 864 jus
745 768 910 857 adolevit,
935 767 1160 840 diuturnitate
1179 764 1233 838 os·

190 924 206 941 ]
261 886 359 975 sicii,
376 887 433 959 vel
459 885 540 983 quia
564 887 756 960 minoribus
783 887 890 985 major
910 887 1097 961 amulandi
1129 912 1237 960 curas

164 1010 167 1025 ⁴
259 1004 506 1102 proconsulum
546 1004 831 1103 splendidissimus
870 1006 1029 1105 quisque,
1069 1006 1250 1081 securitativ

248 1125 384 1223 magis,
416 1126 523 1222 quarn
537 1127 700 1223 potentiae
722 1127 956 1200 consulebant.

307 1247 445 1321 XLIX.
470 1250 545 1320 Suo
579 1268 654 1319 tum
683 1248 858 1345 legionem
884 1246 919 1319 in
949 1246 1067 1320 Africa
1097 1248 1236 1345 regebat
1323 1241 1332 1259 ’

258 1365 415 1439 Valerius
442 1365 575 1456 Festus,
611 1367 818 1463 sumptuosa
846 1365 1097 1455 adolescentiae,
1125 1391 1238 1463 neque

263 1487 400 1560 modica
416 1485 573 1582 cupiens,
603 1492 636 1558 &
666 1488 841 1561 adfinitate
866 1487 995 1560 Vitellii
1024 1487 1157 1560 anxius.
1206 1488 1241 1557 ls

261 1607 386 1681 crebris
413 1606 627 1680 sermonibus
659 1609 886 1681 tentaveritne
923 1607 1083 1680 Pisonem
1111 1606 1155 1679 ad
1185 1631 1238 1678 res
1304 1596 1305 1603 ἵ

261 1752 382 1816 novas,
407 1751 451 1799 an
482 1726 626 1800 tentanti
652 1727 819 1816 restiterit,
847 1727 1041 1812 incertum3
1072 1726 1238 1824 quoniam

262 1847 388 1920 secreto
415 1873 536 1920 eorum
571 1873 676 1920 nemo
714 1847 838 1937 adsuit,
873 1852 921 1937 δε,
960 1846 1072 1921 occiso
1100 1844 1236 1936 Pisone,

262 1967 417 2065 plerique
433 1967 476 2039 ad
496 1967 643 2065 gratiam
657 1965 883 2039 interfeeroris
899 1968 1122 2041 inclinavere.
1159 1967 1239 2039 Nec
1282 2065 1283 2069 Ἰ

262 2087 451 2186 ambigitur
478 2087 705 2185 provinciam,
733 2090 765 2159 δι
788 2085 949 2175 militem,
978 2086 1127 2158 alienato
1152 2111 1239 2183 erga

263 2207 505 2306 Vespasianum
518 2207 637 2280 animo
654 2205 750 2280 fuisse
764 2235 775 2292 ;
794 2205 983 2303 &quidam
998 2202 1236 2294 eVitellianis,

102 2399 105 2409 .
201 2370 204 2375 ·
263 2331 365 2404 Urbe
384 2328 537 2427 profugi,
570 2328 788 2402 ostentabant
803 2327 915 2401 Pisoni
933 2335 959 2369 “
979 2345 1136 2400 nutantes
1148 2325 1234 2397 Gal·

264 2460 289 2496 “
314 2451 388 2550 lias,
419 2468 571 2547 paratam
598 2448 837 2537 Germaniam,
869 2445 1020 2545 pericula
1048 2445 1162 2543 ipsius,
1200 2449 1235 2518 ὅτ

266 2571 346 2644 “in
375 2595 459 2667 pace
485 2567 636 2666 suspestd
670 2568 777 2642 tutius
811 2569 979 2642 bellum.’¹
1038 2568 1130 2639 Inter
1157 2591 1237 2663 quae

263 2691 429 2764 Claudius
446 2688 590 2786 Sagitta,
617 2686 794 2785 praesedius
810 2690 872 2763 alae
895 2687 1057 2777 Petrina,
1082 2686 1241 2785 prospera

264 2811 485 2910 navigatione
515 2809 681 2907 praevenit
711 2808 905 2904 Papirium,
936 2808 1188 2898 centurionem,
1219 2835 1241 2882 a

264 2933 435 3006 Muciano
463 2930 627 3003 missum:
660 2927 936 3026 adseveravitque
963 2937 990 2971 “
1008 2932 1172 3003 mandata
1187 2928 1240 3001 in-

249 3059 294 3121 .“
313 3050 504 3125 tersiciendi
533 3049 677 3140 Pisonis,
709 3049 902 3123 centurioni
932 3052 1023 3131 data.
1073 3049 1241 3123 Cecidisse

263 3180 290 3216 “
309 3172 546 3260 Galerianum,
587 3169 831 3244 consobrinum
872 3168 944 3267 ejus
988 3195 1238 3267 generumque.

264 3293 431 3366 “Unam
456 3292 492 3365 in
519 3291 662 3366 audacia
685 3289 780 3387 spem
812 3289 933 3364 salutis.
981 3291 1049 3363 Sed
1083 3291 1153 3363 duo
1183 3290 1238 3361 iti·
1278 3289 1290 3337 l
1331 3328 1332 3335 .

265 3418 393 3482 “nera
429 3412 605 3498 audendi3
645 3410 702 3485 seu
734 3412 852 3484 mallet
882 3409 996 3484 statim
1025 3436 1129 3500 arma,
1163 3409 1236 3498 seu,

264 3540 291 3575 “
311 3529 417 3629 petinl
433 3533 580 3606 navibus
596 3533 721 3633 Gallis,
755 3532 884 3605 ducem
908 3528 940 3603 se
963 3529 1151 3603 Vitellianis
1173 3554 1238 3602 ex·

264 3662 289 3696 “
309 3649 469 3727 ercitibus
486 3651 710 3725 ostenderet.”
751 3650 851 3725 Nihil
868 3651 912 3723 ad
930 3673 969 3724 ea
986 3633 1083 3725 moto
1099 3648 1238 3740 Pisone,

262 3769 417 3847 centurio
429 3793 449 3842 a
462 3766 631 3843 Muciano
648 3771 779 3864 missus,
802 3794 840 3874 ut
857 3791 999 3871 portum
1016 3771 1240 3870 Carthaginis
