2820 4694
293 366 365 445 254
480 340 522 416 C.
562 343 827 419 Conuunrr
867 345 1068 424 Tncrrr'

293 521 348 596 nis
375 514 534 620 preerat)
570 520 744 621 “egredi
774 522 936 598 sdversbs
968 522 1126 598 bostem'’
1152 519 1266 622 jubet.

290 643 473 738 Lupercus
489 640 695 740 legionarios
711 667 732 715 e
747 640 978 741 presentibus,
995 644 1110 718 Ubios
1126 670 1145 717 e
1159 667 1264 740 prox³

289 759 382 851 imis,
419 759 656 835 Treverorum
683 764 814 860 equites
848 765 941 837 haud
973 765 1078 863 longe
1109 785 1264 863 agentes,

288 882 415 981 raptim
430 880 625 971 transmisit,
652 882 770 955 additi
786 886 990 958 batavorum
1006 887 1071 975 aid,
1098 912 1176 984 quae
1186 883 1264 981 jam

289 1004 426 1102 pridem
443 1021 617 1098 corrupta,
644 1003 752 1075 fidem
771 1006 962 1095 fimulabat,
991 1025 1044 1093 ut,
1073 1004 1212 1102 proditis
1230 1005 1266 1076 in

290 1122 366 1221 ipsi
382 1122 454 1196 acie
472 1121 656 1211 Romanis,
685 1121 816 1222 majore
845 1123 955 1220 pretio
971 1122 1117 1222 fugeret.
1167 1122 1264 1197 civia

288 1243 346 1333 lis,
374 1261 556 1338 captarum
584 1242 785 1315 cohortium
819 1243 921 1342 fignis
950 1244 1193 1333 circumdatus,
1226 1256 1267 1316 ut

289 1364 351 1436 suo
367 1360 470 1435 militi
493 1385 609 1435 reeens
626 1362 735 1460 glorie
750 1383 828 1436 ante
845 1365 981 1454 oculos,
1009 1368 1043 1437 dr
1067 1363 1179 1437 hostes
1193 1386 1265 1436 me*

147 1492 151 1497 ’
228 1561 230 1564 ,
290 1482 401 1556 morio
417 1481 524 1556 cladis
539 1501 764 1568 terrerentur3
788 1503 934 1555 matrem
947 1481 1043 1556 suarn
1061 1480 1265 1580 sororesque,

290 1604 389 1676 fimui
418 1602 579 1675 omnium
603 1600 768 1700 conjuges
796 1601 989 1698 parvosque
1016 1603 1157 1693 liberos,
1184 1626 1267 1676 con·

290 1721 399 1794 sistere
427 1746 448 1795 a
474 1741 574 1821 tergo
599 1721 726 1821 jubet3
761 1723 976 1795 hortamenta
1005 1719 1170 1809 vistoriae,
1207 1721 1264 1794 uei

291 1845 394 1939 pulsis
418 1843 620 1940 pudorem.¹
648 1842 701 1915 Ut
721 1842 877 1914 virorum
902 1861 1018 1933 cantu,
1055 1840 1264 1915 feminarum

290 1963 437 2052 ululatu,
462 1958 573 2033 sonuit
597 1959 709 2043 acies:
741 1985 962 2057 nequaquam
981 1984 1044 2058 par
1072 1987 1092 2032 a
1122 1962 1264 2060 legioni·

282 2084 369 2173 bus,
395 2080 661 2178 cohortibusque
688 2080 842 2154 redditur
871 2082 1011 2186 clamqr.
1060 2083 1267 2155 Nudaverat

290 2202 456 2276 finistrum
484 2226 591 2276 cornu
614 2205 825 2275 Batavorum
853 2201 906 2272 ala
929 2196 1171 2297 transfugiens,
1198 2201 1264 2274 stn-¹

290 2323 424 2421 timque
438 2323 475 2395 in
488 2321 551 2396 nos
568 2322 663 2396 verso
680 2348 690 2394 ε
716 2321 774 2395 sed
791 2319 995 2418 legionarius
1010 2319 1122 2409 miles,
1139 2340 1264 2417 quam·

291 2456 400 2543 quam
424 2447 527 2517 rebus
548 2442 704 2540 trepidis,
730 2465 827 2514 arma
855 2439 1057 2538 ordinesque
1084 2439 1264 2515 retinebat.

160 2653 171 2660 ,
291 2566 467 2640 Ubiorum
485 2565 788 2659 Treverorumque
804 2561 944 2651 auxilia,
976 2560 1072 2634 foedt
1091 2559 1173 2659 fugd
1196 2560 1265 2634 dis-

261 2751 263 2754 <
292 2685 397 2785 persa,
423 2680 504 2758 totis
519 2683 652 2781 campis
667 2684 838 2780 palantur.¹
875 2683 961 2754 lllue
978 2681 1167 2754 incubuere
1177 2682 1265 2753 Ger-

291 2805 399 2882 mani.
449 2807 496 2877 Et
530 2801 596 2876 fuit
625 2802 764 2875 interim
795 2801 965 2900 effugium
1003 2800 1200 2899 legionibus
1231 2801 1267 2873 in

206 2971 207 2975 ¹
287 2929 411 3018 eastre,
437 2924 565 3024 quibus
583 2920 725 2996 Veterum
750 2946 879 2996 nomen
895 2921 954 2995 est.
1003 2921 1186 2994 Praefedius
1201 2923 1265 2994 alae

290 3053 515 3135 Batavorum,
540 3042 708 3116 Claudius
725 3044 862 3131 Labeo,
887 3041 1066 3139 oppidano
1082 3040 1266 3115 certamine

291 3168 438 3240 remulus
462 3164 580 3254 Civili,
608 3186 651 3235 ne
679 3160 875 3234 interfectus
890 3160 1059 3234 invidiam
1080 3162 1175 3258 apud
1199 3186 1264 3257 po-

292 3288 438 3385 pulares,
464 3287 521 3357 vei
547 3288 569 3356 sr
596 3281 810 3372 retineretur,
836 3279 965 3354 semina
981 3279 1160 3356 discordia
1174 3304 1264 3377 prae-

290 3409 402 3495 beret,
429 3405 465 3478 in
484 3405 608 3479 Frisios
622 3401 792 3476 avehitur.

340 3528 444 3601 XIX.
470 3527 608 3599 Irsunnr
634 3525 771 3614 diebus,
801 3525 1008 3596 Batavorum
1031 3527 1066 3595 δι
1089 3518 1263 3594 Cannine-

291 3646 412 3724 fatium
429 3648 600 3736 cohortes,
619 3648 701 3718 cirm
716 3643 809 3740 jussu
823 3640 957 3715 Vitellii
970 3640 1006 3712 in
1024 3644 1162 3715 Urbem
1187 3661 1263 3737 per-

293 3789 426 3873 gerent,
443 3763 598 3838 miffina
620 3763 733 3837 Civile
755 3763 894 3837 nuntius
910 3758 1118 3866 adsequitur.
1167 3763 1264 3835 lutu-
